,base,quote,exchange,base_t,quote_t,exchange_t,BUY,SELL,id,s_time,s_time_book,bid,bid_qty,ask,ask_qty,bid_t,bid_qty_t,ask_t,ask_qty_t
0,SOL,USDT,Binance,,,,211.4790496826172,211.13096618652344,1,2021-12-03 22:55:19.467,2021-12-03 22:55:21.576,211.29000000,3.50000000,211.30000000,27.68000000,0.0,0.0,0.0,0.0
1,SOL,USDT,FTX,,,,211.91957549999998,211.6454365,1,2021-12-03 22:55:19.467,2021-12-03 22:55:21.576,211.22,4.92,211.2475,20.82,0.0,0.0,0.0,0.0
2,SOL,USDT,Binance,,,,211.3589630126953,210.89114379882812,2,2021-12-03 23:01:30.223,2021-12-03 23:01:32.127,211.21000000,9.28000000,211.22000000,8.42000000,0.0,0.0,0.0,0.0
3,SOL,USDT,Kucoin,,,,211.95074462890625,211.49429321289062,2,2021-12-03 23:01:30.223,2021-12-03 23:01:32.127,211.108,20.38,211.265,3.4045,0.0,0.0,0.0,0.0
4,SOL,USDT,Binance,,,,211.36895751953125,211.0210418701172,3,2021-12-03 23:01:43.158,2021-12-03 23:01:44.862,211.10000000,0.68000000,211.17000000,1.00000000,0.0,0.0,0.0,0.0
5,SOL,BTC,FTX,BTC,USDT,FTX,212.0865549956208,211.37384791598095,3,2021-12-03 23:01:43.158,2021-12-03 23:01:44.862,0.003946,0.04,0.003949,28.41,53482.0,0.0409,53485.0,0.9344
6,SOL,USDT,Binance,,,,211.87937927246094,211.4806671142578,4,2021-12-03 23:08:39.114,2021-12-03 23:08:40.797,211.61000000,7.38000000,211.69000000,1.00000000,0.0,0.0,0.0,0.0
7,SOL,USDT,FTX,,,,212.232263,211.8802955,4,2021-12-03 23:08:39.114,2021-12-03 23:08:40.797,211.6075,7.56,211.6125,10.26,0.0,0.0,0.0,0.0
8,SOL,USDT,FTX,,,,211.301705,210.963346,5,2021-12-03 23:12:42.677,2021-12-03 23:12:44.822,211.5125,4.89,211.5825,6.32,0.0,0.0,0.0,0.0
9,SOL,USDT,Binance,,,,211.769287109375,211.3507843017578,5,2021-12-03 23:12:42.677,2021-12-03 23:12:44.822,211.52000000,11.77000000,211.57000000,4.44000000,0.0,0.0,0.0,0.0
10,SOL,USDT,Binance,,,,212.0194854736328,211.6205596923828,6,2021-12-03 23:16:22.623,2021-12-03 23:16:24.793,211.76000000,0.23000000,211.80000000,16.65000000,0.0,0.0,0.0,0.0
11,SOL,USDT,FTX,,,,212.47741,212.092668,6,2021-12-03 23:16:22.623,2021-12-03 23:16:24.793,211.6675,0.07,211.765,3.32,0.0,0.0,0.0,0.0
12,SOL,USDT,FTX,,,,212.6650225,212.3300255,7,2021-12-03 23:19:14.935,2021-12-03 23:19:16.801,212.825,0.94,212.8425,7.56,0.0,0.0,0.0,0.0
13,SOL,USDT,Binance,,,,213.06031799316406,212.70970153808594,7,2021-12-03 23:19:14.935,2021-12-03 23:19:16.801,212.81000000,2.35000000,212.82000000,11.22000000,0.0,0.0,0.0,0.0
14,SOL,USDT,FTX,,,,212.4598995,212.06018749999998,8,2021-12-03 23:21:05.814,2021-12-03 23:21:07.921,212.755,14.0,212.825,7.56,0.0,0.0,0.0,0.0
15,SOL,USDT,Binance,,,,212.98025512695312,212.6297607421875,8,2021-12-03 23:21:05.814,2021-12-03 23:21:07.921,212.82000000,17.39000000,212.85000000,5.30000000,0.0,0.0,0.0,0.0
16,SOL,USDT,FTX,,,,213.01773399999996,212.66732299999998,9,2021-12-03 23:27:27.337,2021-12-03 23:27:29.419,213.2375,25.18,213.41,7.56,0.0,0.0,0.0,0.0
17,SOL,USDT,Binance,,,,213.45062255859375,213.0394287109375,9,2021-12-03 23:27:27.337,2021-12-03 23:27:29.419,213.37000000,7.35000000,213.42000000,11.65000000,0.0,0.0,0.0,0.0
18,SOL,USDT,Binance,,,,212.7000274658203,212.34999084472656,10,2021-12-03 23:30:52.663,2021-12-03 23:30:54.666,212.52000000,15.70000000,212.54000000,0.04000000,0.0,0.0,0.0,0.0
19,SOL,USDT,FTX,,,,213.0402475,212.702302,10,2021-12-03 23:30:52.663,2021-12-03 23:30:54.666,212.4875,10.41,212.535,1.1,0.0,0.0,0.0,0.0
20,SOL,USDT,Binance,,,,212.05950927734375,211.7104949951172,11,2021-12-03 23:31:05.686,2021-12-03 23:31:07.343,211.84000000,0.06000000,211.91000000,4.00000000,0.0,0.0,0.0,0.0
21,SOL,USDT,FTX,,,,212.6300015,212.3600075,11,2021-12-03 23:31:05.686,2021-12-03 23:31:07.343,211.8375,0.04,211.9375,0.46,0.0,0.0,0.0,0.0
22,SOL,USDT,FTX,,,,212.04715199999998,211.7503735,12,2021-12-03 23:33:07.294,2021-12-03 23:33:09.470,212.475,10.0,212.4975,21.17,0.0,0.0,0.0,0.0
23,SOL,USDT,Binance,,,,212.61996459960938,212.25006103515625,12,2021-12-03 23:33:07.294,2021-12-03 23:33:09.470,212.56000000,7.05000000,212.60000000,5.00000000,0.0,0.0,0.0,0.0
24,SOL,USDT,FTX,,,,212.312311,212.04269799999997,13,2021-12-03 23:33:20.450,2021-12-03 23:33:22.400,212.6875,10.0,212.69,9.72,0.0,0.0,0.0,0.0
25,SOL,USDT,Kucoin,,,,213.00079345703125,212.53724670410156,13,2021-12-03 23:33:20.450,2021-12-03 23:33:22.400,212.704,8.8888,212.767,2.2609,0.0,0.0,0.0,0.0
26,SOL,USDT,Binance,,,,212.03948974609375,211.6905059814453,14,2021-12-03 23:33:59.104,2021-12-03 23:34:00.743,211.86000000,18.44000000,211.87000000,2.50000000,0.0,0.0,0.0,0.0
27,SOL,USDT,FTX,,,,212.89265899999998,212.43246399999998,14,2021-12-03 23:33:59.104,2021-12-03 23:34:00.743,211.64,8.32,211.8575,20.81,0.0,0.0,0.0,0.0
28,SOL,USDT,Binance,,,,212.34974670410156,211.96029663085938,15,2021-12-03 23:45:15.768,2021-12-03 23:45:18.149,212.10000000,0.19000000,212.11000000,0.59000000,0.0,0.0,0.0,0.0
29,SOL,USDT,Kucoin,,,,212.83262634277344,212.38241577148438,15,2021-12-03 23:45:15.768,2021-12-03 23:45:18.149,212.126,0.0136,212.155,3.9147,0.0,0.0,0.0,0.0
30,SOL,USDT,Binance,,,,212.10955810546875,211.740478515625,16,2021-12-03 23:45:29.179,2021-12-03 23:45:32.002,211.95000000,2.00000000,211.96000000,12.09000000,0.0,0.0,0.0,0.0
31,SOL,BTC,FTX,BTC,USDT,FTX,212.90037845554596,212.1850885503784,16,2021-12-03 23:45:29.179,2021-12-03 23:45:32.002,0.00394775,33.0,0.00395225,28.31,53655.0,0.0177,53670.0,0.0033
32,SOL,USDT,FTX,,,,212.2747885,211.91527449999998,17,2021-12-03 23:46:20.855,2021-12-03 23:46:23.996,212.435,8.85,212.55,10.87,0.0,0.0,0.0,0.0
33,SOL,USDT,Binance,,,,212.81011962890625,212.45989990234375,17,2021-12-03 23:46:20.855,2021-12-03 23:46:23.996,212.54000000,7.18000000,212.57000000,0.73000000,0.0,0.0,0.0,0.0
34,SOL,USDT,FTX,,,,210.7388675,210.44365799999997,18,2021-12-03 23:57:27.920,2021-12-03 23:57:30.181,211.1,3.8,211.3425,12.74,0.0,0.0,0.0,0.0
35,SOL,USDT,Binance,,,,211.34893798828125,210.9611053466797,18,2021-12-03 23:57:27.920,2021-12-03 23:57:30.181,211.22000000,11.65000000,211.23000000,4.00000000,0.0,0.0,0.0,0.0
36,SOL,USDT,FTX,,,,211.6444105,211.3406195,19,2021-12-03 23:59:54.804,2021-12-03 23:59:56.897,211.8325,3.8,211.9325,8.32,0.0,0.0,0.0,0.0
37,SOL,USDT,Binance,,,,212.1796112060547,211.7804412841797,19,2021-12-03 23:59:54.804,2021-12-03 23:59:56.897,211.81000000,5.00000000,211.85000000,1.78000000,0.0,0.0,0.0,0.0
38,SOL,USDT,FTX,,,,210.85893949999996,210.5910695,20,2021-12-04 00:07:15.375,2021-12-04 00:07:17.042,210.935,23.8,211.0225,4.73,0.0,0.0,0.0,0.0
39,SOL,USDT,Binance,,,,211.2588653564453,210.88116455078125,20,2021-12-04 00:07:15.375,2021-12-04 00:07:17.042,211.09000000,23.54000000,211.10000000,0.03000000,0.0,0.0,0.0,0.0
40,SOL,USDT,FTX,,,,211.081573,210.78845099999998,21,2021-12-04 00:08:04.287,2021-12-04 00:08:06.433,211.17,3.8,211.3,3.8,0.0,0.0,0.0,0.0
41,SOL,USDT,Binance,,,,211.4690399169922,211.12095642089844,21,2021-12-04 00:08:04.287,2021-12-04 00:08:06.433,211.27000000,5.72000000,211.32000000,4.00000000,0.0,0.0,0.0,0.0
42,SOL,USDT,FTX,,,,211.1140925,210.758469,22,2021-12-04 00:13:23.378,2021-12-04 00:13:25.266,211.2225,0.79,211.305,3.8,0.0,0.0,0.0,0.0
43,SOL,USDT,Binance,,,,211.4990692138672,211.12095642089844,22,2021-12-04 00:13:23.378,2021-12-04 00:13:25.266,211.30000000,0.72000000,211.35000000,5.46000000,0.0,0.0,0.0,0.0
44,SOL,USDT,FTX,,,,212.302305,212.0451965,23,2021-12-04 00:20:13.034,2021-12-04 00:20:15.766,212.2925,17.95,212.4275,3.8,0.0,0.0,0.0,0.0
45,SOL,USDT,Binance,,,,212.6699981689453,212.32000732421875,23,2021-12-04 00:20:13.034,2021-12-04 00:20:15.766,212.33000000,40.22000000,212.36000000,1.00000000,0.0,0.0,0.0,0.0
46,SOL,USDT,Binance,,,,212.27969360351562,211.92031860351562,24,2021-12-04 00:22:15.974,2021-12-04 00:22:17.844,211.94000000,5.00000000,211.95000000,1.65000000,0.0,0.0,0.0,0.0
47,SOL,USDT,FTX,,,,212.6199955,212.3300255,24,2021-12-04 00:22:15.974,2021-12-04 00:22:17.844,211.865,3.8,211.9325,8.32,0.0,0.0,0.0,0.0
48,SOL,USDT,Binance,,,,208.91700744628906,208.56300354003906,25,2021-12-04 00:29:12.970,2021-12-04 00:29:14.911,208.57000000,5.85000000,208.66000000,11.20000000,0.0,0.0,0.0,0.0
49,SOL,USDT,FTX,,,,209.270487,208.9870325,25,2021-12-04 00:29:12.970,2021-12-04 00:29:14.911,208.5975,3.8,208.6275,0.07,0.0,0.0,0.0,0.0
50,SOL,USDT,FTX,,,,208.7726885,208.45485200000002,26,2021-12-04 00:29:26.431,2021-12-04 00:29:28.059,209.0025,8.32,209.175,15.54,0.0,0.0,0.0,0.0
51,SOL,USDT,Binance,,,,209.2672882080078,208.92271423339844,26,2021-12-04 00:29:26.431,2021-12-04 00:29:28.059,209.10000000,1.00000000,209.12000000,6.72000000,0.0,0.0,0.0,0.0
52,SOL,USDT,Kucoin,,,,208.1909942626953,207.73504638671875,27,2021-12-04 00:31:15.904,2021-12-04 00:31:18.147,207.845,0.019,207.908,4.84,0.0,0.0,0.0,0.0
53,SOL,USDT,FTX,,,,208.57506999999998,208.2824555,27,2021-12-04 00:31:15.904,2021-12-04 00:31:18.147,207.88,0.04,208.0725,3.8,0.0,0.0,0.0,0.0
54,SOL,USDT,FTX,,,,208.655118,208.40238349999998,28,2021-12-04 00:32:17.360,2021-12-04 00:32:19.486,208.9225,8.4,208.9675,11.45,0.0,0.0,0.0,0.0
55,SOL,USDT,Binance,,,,209.08714294433594,208.6729278564453,28,2021-12-04 00:32:17.360,2021-12-04 00:32:19.486,208.83000000,3.23000000,208.84000000,6.45000000,0.0,0.0,0.0,0.0
56,SOL,USDT,Kucoin,,,,208.50930786132812,208.01678466796875,29,2021-12-04 00:32:58.246,2021-12-04 00:33:00.158,208.254,2,208.387,4.84,0.0,0.0,0.0,0.0
57,SOL,USDT,FTX,,,,208.9577995,208.60726049999997,29,2021-12-04 00:32:58.246,2021-12-04 00:33:00.158,208.385,20.0,208.505,3.8,0.0,0.0,0.0,0.0
58,SOL,USDT,Binance,,,,206.28489685058594,205.84518432617188,30,2021-12-04 00:40:04.963,2021-12-04 00:40:07.307,205.97000000,1.96000000,205.99000000,7.18000000,0.0,0.0,0.0,0.0
59,SOL,USDT,FTX,,,,207.279293,206.9282685,30,2021-12-04 00:40:04.963,2021-12-04 00:40:07.307,206.0,1.3,206.16,20.8,0.0,0.0,0.0,0.0
60,SOL,USDT,FTX,,,,206.058561,205.76146899999998,31,2021-12-04 00:41:06.671,2021-12-04 00:41:09.391,206.12,0.03,206.2125,8.32,0.0,0.0,0.0,0.0
61,SOL,USDT,Binance,,,,206.60516357421875,206.1749267578125,31,2021-12-04 00:41:06.671,2021-12-04 00:41:09.391,206.14000000,6.68000000,206.15000000,3.12000000,0.0,0.0,0.0,0.0
62,SOL,USDT,Binance,,,,206.33493041992188,205.9950714111328,32,2021-12-04 00:42:33.780,2021-12-04 00:42:36.336,205.98000000,14.47000000,205.99000000,25.64000000,0.0,0.0,0.0,0.0
63,SOL,USDT,FTX,,,,206.75898099999998,206.441061,32,2021-12-04 00:42:33.780,2021-12-04 00:42:36.336,205.92,0.31,205.9525,15.18,0.0,0.0,0.0,0.0
64,SOL,USDT,Binance,,,,204.78369140625,204.31640625,33,2021-12-04 00:43:35.662,2021-12-04 00:43:37.796,204.69000000,17.47000000,204.70000000,15.37000000,0.0,0.0,0.0,0.0
65,SOL,USDT,FTX,,,,205.48071449999998,205.2242915,33,2021-12-04 00:43:35.662,2021-12-04 00:43:37.796,204.6725,3.8,204.795,24.23,0.0,0.0,0.0,0.0
66,SOL,USDT,FTX,,,,204.8303245,204.517216,34,2021-12-04 00:44:00.850,2021-12-04 00:44:03.195,204.97,3.8,205.22,0.48,0.0,0.0,0.0,0.0
67,SOL,USDT,Binance,,,,205.2440643310547,204.865966796875,34,2021-12-04 00:44:00.850,2021-12-04 00:44:03.195,205.01000000,4.62000000,205.13000000,7.35000000,0.0,0.0,0.0,0.0
68,SOL,USDT,Binance,,,,204.3633575439453,204.02664184570312,35,2021-12-04 00:44:26.420,2021-12-04 00:44:28.464,204.04000000,12.97000000,204.10000000,1.95000000,0.0,0.0,0.0,0.0
69,SOL,USDT,FTX,,,,205.2055495,204.802045,35,2021-12-04 00:44:26.420,2021-12-04 00:44:28.464,204.02,1.15,204.0275,23.26,0.0,0.0,0.0,0.0
70,SOL,USDT,Kucoin,,,,203.39720153808594,202.94085693359375,36,2021-12-04 00:44:39.498,2021-12-04 00:44:41.990,203.456,4.9071,203.571,9.7749,0.0,0.0,0.0,0.0
71,SOL,BTC,FTX,BTC,USDT,FTX,204.47703177947676,203.87047507352239,36,2021-12-04 00:44:39.498,2021-12-04 00:44:41.990,0.003815,2.1,0.00381775,7.51,53378.0,0.1231,53381.0,0.0347
72,SOL,USDT,Kucoin,,,,204.1649627685547,203.64015197753906,37,2021-12-04 00:45:06.946,2021-12-04 00:45:09.744,204.317,4.84,204.396,0.0398,0.0,0.0,0.0,0.0
73,SOL,USDT,Binance,,,,204.71363830566406,204.3463897705078,37,2021-12-04 00:45:06.946,2021-12-04 00:45:09.744,204.53000000,0.65000000,204.61000000,6.54000000,0.0,0.0,0.0,0.0
74,SOL,USDT,Binance,,,,204.21324157714844,203.85678100585938,38,2021-12-04 00:45:44.686,2021-12-04 00:45:47.105,204.11000000,15.42000000,204.18000000,16.90000000,0.0,0.0,0.0,0.0
75,SOL,USDT,FTX,,,,204.56266399999998,204.2548735,38,2021-12-04 00:45:44.686,2021-12-04 00:45:47.105,203.895,6.22,204.0875,3.93,0.0,0.0,0.0,0.0
76,SOL,USDT,Kucoin,,,,203.42222595214844,202.87991333007812,39,2021-12-04 00:46:22.119,2021-12-04 00:46:24.443,203.11,11.8395,203.171,15.4092,0.0,0.0,0.0,0.0
77,SOL,USDT,FTX,,,,203.8047095,203.5403025,39,2021-12-04 00:46:22.119,2021-12-04 00:46:24.443,203.1475,3.8,203.205,14.13,0.0,0.0,0.0,0.0
78,SOL,USDT,Binance,,,,203.12237548828125,202.77764892578125,40,2021-12-04 00:46:35.759,2021-12-04 00:46:37.846,202.86000000,5.00000000,202.93000000,6.48000000,0,0,0,0
79,SOL,AUD,Binance,AUD,USDT,Binance,204.12409891950665,203.21365038735166,40,2021-12-04 00:46:35.759,2021-12-04 00:46:37.846,292.82000000,0.04100000,293.15000000,6.12600000,0.69500000,12245.00000000,0.69510000,61860.00000000
80,SOL,USDT,FTX,,,,202.88665899999998,202.57588149999998,41,2021-12-04 00:46:48.876,2021-12-04 00:46:51.118,203.11,3.8,203.2325,4.16,0,0,0,0
81,SOL,USDT,Binance,,,,203.60275268554688,203.1973114013672,41,2021-12-04 00:46:48.876,2021-12-04 00:46:51.118,203.29000000,2.00000000,203.31000000,4.67000000,0,0,0,0
82,SOL,USDT,FTX,,,,203.40697099999997,202.923173,42,2021-12-04 00:47:14.374,2021-12-04 00:47:16.351,203.8525,17.62,203.9825,16.64,0,0,0,0
83,SOL,USDT,Binance,,,,204.19322204589844,203.766845703125,42,2021-12-04 00:47:14.374,2021-12-04 00:47:16.351,204.12000000,13.50000000,204.17000000,17.97000000,0,0,0,0
84,SOL,USDT,Binance,,,,203.6728057861328,203.3372039794922,43,2021-12-04 00:47:39.481,2021-12-04 00:47:41.423,203.47000000,1.10000000,203.48000000,1.52000000,0.0,0.0,0.0,0.0
85,SOL,BTC,FTX,BTC,USDT,FTX,204.45504041356938,203.68188957995005,43,2021-12-04 00:47:39.481,2021-12-04 00:47:41.423,0.00382625,2.1,0.00382925,36.7,53183.0,0.1982,53184.0,0.0689
86,SOL,USDT,Binance,,,,202.90220642089844,202.43792724609375,44,2021-12-04 00:48:29.474,2021-12-04 00:48:31.730,202.53000000,7.40000000,202.66000000,1.21000000,0,0,0,0
87,SOL,USDT,FTX,,,,203.27439149999998,202.95565349999998,44,2021-12-04 00:48:29.474,2021-12-04 00:48:31.730,202.5,0.34,202.565,4.92,0,0,0,0
88,SOL,USDT,FTX,,,,202.59898649999997,202.223593,45,2021-12-04 00:48:54.862,2021-12-04 00:48:56.832,202.8375,6.19,202.8975,3.36,0,0,0,0
89,SOL,USDT,Binance,,,,203.0022735595703,202.61776733398438,45,2021-12-04 00:48:54.862,2021-12-04 00:48:56.832,202.93000000,7.63000000,203.00000000,39.89000000,0,0,0,0
90,SOL,USDT,FTX,,,,203.16182399999997,202.6458395,46,2021-12-04 00:49:31.487,2021-12-04 00:49:33.344,203.32,8.32,203.4675,0.36,0,0,0,0
91,SOL,USDT,Binance,,,,203.65280151367188,203.26724243164062,46,2021-12-04 00:49:31.487,2021-12-04 00:49:33.344,203.59000000,16.05000000,203.62000000,0.48000000,0,0,0,0
92,SOL,USDT,FTX,,,,203.58958049999998,203.198008,47,2021-12-04 00:49:44.401,2021-12-04 00:49:47.692,203.4975,8.32,203.7825,0.44,0,0,0,0
93,SOL,USDT,Binance,,,,204.1431884765625,203.80682373046875,47,2021-12-04 00:49:44.401,2021-12-04 00:49:47.692,203.73000000,9.02000000,203.83000000,36.94000000,0,0,0,0
94,SOL,USDT,FTX,,,,203.802208,203.51531749999998,48,2021-12-04 00:49:58.725,2021-12-04 00:50:00.997,203.64,228.99,204.0475,19.6,0,0,0,0
95,SOL,USDT,Binance,,,,204.31332397460938,203.91673278808594,48,2021-12-04 00:49:58.725,2021-12-04 00:50:00.997,203.87000000,1.29000000,203.93000000,0.13000000,0,0,0,0
96,SOL,USDT,FTX,,,,203.21435549999998,202.91317899999999,49,2021-12-04 00:50:35.616,2021-12-04 00:50:37.586,203.28,12.12,203.4275,3.8,0,0,0,0
97,SOL,USDT,Binance,,,,203.62277221679688,203.2872314453125,49,2021-12-04 00:50:35.616,2021-12-04 00:50:37.586,203.51000000,2.00000000,203.53000000,0.31000000,0,0,0,0
98,SOL,USDT,Binance,,,,202.73207092285156,202.39794921875,50,2021-12-04 00:51:12.650,2021-12-04 00:51:14.372,202.67000000,0.81000000,202.68000000,0.08000000,0,0,0,0
99,SOL,USDT,FTX,,,,203.146815,202.81823599999998,50,2021-12-04 00:51:12.650,2021-12-04 00:51:14.372,202.435,92.1,202.6575,6.32,0,0,0,0
100,SOL,USDT,FTX,,,,202.41637699999998,202.033707,51,2021-12-04 00:52:15.443,2021-12-04 00:52:17.322,202.705,7.49,202.7625,3.0,0,0,0,0
101,SOL,USDT,Binance,,,,202.9922637939453,202.6077880859375,51,2021-12-04 00:52:15.443,2021-12-04 00:52:17.322,202.82000000,5.00000000,202.85000000,8.13000000,0,0,0,0
,base,quote,exchange,base_t,quote_t,exchange_t,BUY,SELL,id,s_time,s_time_book,bid,bid_qty,ask,ask_qty,bid_t,bid_qty_t,ask_t,ask_qty_t
0,SOL,USDT,Binance,,,,203.1724090576172,202.77764892578125,52,2021-12-04 00:53:43.284,2021-12-04 00:53:45.879,202.93000000,2.00000000,202.94000000,1.00000000,0.0,0.0,0.0,0.0
1,SOL,USDT,FTX,,,,203.69964649999997,203.33042849999998,52,2021-12-04 00:53:43.284,2021-12-04 00:53:45.879,202.8225,8.32,202.955,3.8,0.0,0.0,0.0,0.0
2,SOL,USDT,FTX,,,,203.12430149999997,202.708302,53,2021-12-04 00:54:58.264,2021-12-04 00:55:00.114,203.3325,8.32,203.4,0.06,0.0,0.0,0.0,0.0
3,SOL,USDT,Binance,,,,203.55271911621094,203.1273651123047,53,2021-12-04 00:54:58.264,2021-12-04 00:55:00.114,203.40000000,46.49000000,203.43000000,0.25000000,0.0,0.0,0.0,0.0
4,SOL,USDT,FTX,,,,203.6346075,203.307942,54,2021-12-04 00:55:11.142,2021-12-04 00:55:12.778,203.975,13.62,203.9775,0.03,0.0,0.0,0.0,0.0
5,SOL,USDT,Binance,,,,204.21324157714844,203.82681274414062,54,2021-12-04 00:55:11.142,2021-12-04 00:55:12.778,204.09000000,1.00000000,204.12000000,3.81000000,0.0,0.0,0.0,0.0
6,SOL,USDT,FTX,,,,204.45760099999998,203.917576,55,2021-12-04 00:55:36.478,2021-12-04 00:55:38.606,204.5875,22.93,204.7375,20.59,0.0,0.0,0.0,0.0
7,SOL,USDT,Binance,,,,204.94383239746094,204.5562286376953,55,2021-12-04 00:55:36.478,2021-12-04 00:55:38.606,204.71000000,5.00000000,204.72000000,1.86000000,0.0,0.0,0.0,0.0
8,SOL,USDT,FTX,,,,204.72025849999997,204.0849755,56,2021-12-04 00:56:13.724,2021-12-04 00:56:17.890,204.715,0.57,204.815,3.8,0.0,0.0,0.0,0.0
9,SOL,USDT,Binance,,,,205.28408813476562,204.93592834472656,56,2021-12-04 00:56:13.724,2021-12-04 00:56:17.890,204.82000000,5.83000000,204.85000000,2.00000000,0.0,0.0,0.0,0.0
10,SOL,USDT,FTX,,,,205.0804745,204.7046035,57,2021-12-04 00:56:40.602,2021-12-04 00:56:42.509,205.0925,20.0,205.215,0.19,0.0,0.0,0.0,0.0
11,SOL,USDT,Binance,,,,205.4742431640625,205.1057891845703,57,2021-12-04 00:56:40.602,2021-12-04 00:56:42.509,205.26000000,1.56000000,205.27000000,0.99000000,0.0,0.0,0.0,0.0
12,SOL,USDT,Binance,,,,204.48345947265625,204.14654541015625,58,2021-12-04 00:57:43.799,2021-12-04 00:57:45.853,204.40000000,12.53000000,204.41000000,2.80000000,0.0,0.0,0.0,0.0
13,SOL,USDT,FTX,,,,205.02043849999998,204.6596305,58,2021-12-04 00:57:43.799,2021-12-04 00:57:45.853,204.2925,3.8,204.43,22.0,0.0,0.0,0.0,0.0
14,SOL,USDT,FTX,,,,203.45950249999999,203.04060249999998,59,2021-12-04 00:59:10.313,2021-12-04 00:59:12.849,203.7675,3.8,203.8625,0.07,0.0,0.0,0.0,0.0
15,SOL,USDT,Binance,,,,203.8629608154297,203.46710205078125,59,2021-12-04 00:59:10.313,2021-12-04 00:59:12.849,203.91000000,15.88000000,203.97000000,11.65000000,0.0,0.0,0.0,0.0
16,SOL,USDT,Kucoin,,,,202.3842010498047,201.90289306640625,60,2021-12-04 01:01:01.698,2021-12-04 01:01:03.459,202.188,0.4213,202.302,4.84,0.0,0.0,0.0,0.0
17,SOL,BTC,FTX,BTC,USDT,FTX,203.02342001400393,202.40595433136167,60,2021-12-04 01:01:01.698,2021-12-04 01:01:03.459,0.00382225,2.1,0.00382625,38.95,52923.0,0.0105,52945.0,1.0358
18,SOL,USDT,Binance,,,,201.7712860107422,201.438720703125,61,2021-12-04 01:01:27.646,2021-12-04 01:01:29.490,201.50000000,27.90000000,201.58000000,4.05000000,0.0,0.0,0.0,0.0
19,SOL,BTC,FTX,BTC,USDT,FTX,202.43942459971763,201.7745324700768,61,2021-12-04 01:01:27.646,2021-12-04 01:01:29.490,0.0038135,0.4,0.003816,6.99,52842.0,0.05,52851.0,0.2049
20,SOL,USDT,FTX,,,,201.97861449999996,201.73388699999998,62,2021-12-04 01:02:05.186,2021-12-04 01:02:06.949,202.27,10.0,202.2725,0.04,0.0,0.0,0.0,0.0
21,SOL,USDT,Binance,,,,202.43182373046875,202.07821655273438,62,2021-12-04 01:02:05.186,2021-12-04 01:02:06.949,202.35000000,36.02000000,202.43000000,2.26000000,0.0,0.0,0.0,0.0
22,SOL,BTC,FTX,BTC,USDT,FTX,202.5177327349748,201.96239757888947,63,2021-12-04 01:02:17.956,2021-12-04 01:02:20.571,0.0038315,2.1,0.00383425,2.1,52966.0,0.205,52983.0,0.0359
23,SOL,USDT,Binance,,,,203.35255432128906,203.01744079589844,63,2021-12-04 01:02:17.956,2021-12-04 01:02:20.571,203.07000000,0.58000000,203.08000000,13.04000000,0.0,0.0,0.0,0.0
24,SOL,USDT,FTX,,,,203.25187799999998,202.79325099999997,64,2021-12-04 01:02:45.391,2021-12-04 01:02:47.126,203.355,48.0,203.4675,0.36,0.0,0.0,0.0,0.0
25,SOL,USDT,Binance,,,,203.60275268554688,203.26724243164062,64,2021-12-04 01:02:45.391,2021-12-04 01:02:47.126,203.55000000,3.11000000,203.58000000,3.64000000,0.0,0.0,0.0,0.0
26,SOL,USDT,FTX,,,,203.52204,203.247978,65,2021-12-04 01:03:22.126,2021-12-04 01:03:24.066,203.8425,28.66,203.8925,10.51,0.0,0.0,0.0,0.0
27,SOL,USDT,Binance,,,,204.1431884765625,203.7968292236328,65,2021-12-04 01:03:22.126,2021-12-04 01:03:24.066,203.91000000,0.49000000,203.92000000,12.66000000,0.0,0.0,0.0,0.0
28,SOL,USDT,FTX,,,,204.0548595,203.7102005,66,2021-12-04 01:03:46.752,2021-12-04 01:03:48.920,204.395,8.32,204.4375,7.49,0.0,0.0,0.0,0.0
29,SOL,USDT,Binance,,,,204.70362854003906,204.3663787841797,66,2021-12-04 01:03:46.752,2021-12-04 01:03:48.920,204.60000000,11.65000000,204.61000000,1.85000000,0.0,0.0,0.0,0.0
30,SOL,USDT,FTX,,,,204.6151955,204.3248315,67,2021-12-04 01:03:59.996,2021-12-04 01:04:02.178,204.535,11.68,204.6925,3.8,0.0,0.0,0.0,0.0
31,SOL,USDT,Binance,,,,204.96385192871094,204.62615966796875,67,2021-12-04 01:03:59.996,2021-12-04 01:04:02.178,204.65000000,2.38000000,204.66000000,0.09000000,0.0,0.0,0.0,0.0
32,SOL,USDT,FTX,,,,204.092382,203.682717,68,2021-12-04 01:05:14.499,2021-12-04 01:05:17.221,204.2275,19.85,204.3625,3.8,0.0,0.0,0.0,0.0
33,SOL,USDT,Binance,,,,204.47344970703125,204.13656616210938,68,2021-12-04 01:05:14.499,2021-12-04 01:05:17.221,204.39000000,0.59000000,204.42000000,0.39000000,0.0,0.0,0.0,0.0
34,SOL,USDT,FTX,,,,204.13991049999998,203.7851555,69,2021-12-04 01:06:04.581,2021-12-04 01:06:06.850,204.2525,0.59,204.3175,10.36,0.0,0.0,0.0,0.0
35,SOL,USDT,Binance,,,,204.6235809326172,204.2264862060547,69,2021-12-04 01:06:04.581,2021-12-04 01:06:06.850,204.48000000,17.47000000,204.52000000,61.19000000,0.0,0.0,0.0,0.0
36,SOL,USDT,Binance,,,,203.33253479003906,202.93753051757812,70,2021-12-04 01:06:41.493,2021-12-04 01:06:43.067,203.05000000,31.37000000,203.07000000,2.50000000,0.0,0.0,0.0,0.0
37,SOL,USDT,FTX,,,,204.0798745,203.79514949999998,70,2021-12-04 01:06:41.493,2021-12-04 01:06:43.067,202.96,8.32,203.0475,26.2,0.0,0.0,0.0,0.0
38,SOL,USDT,Binance,,,,203.12237548828125,202.78762817382812,71,2021-12-04 01:07:06.073,2021-12-04 01:07:07.990,202.73000000,2.42000000,202.74000000,1.00000000,0.0,0.0,0.0,0.0
39,SOL,USDT,FTX,,,,203.58958049999998,203.2204945,71,2021-12-04 01:07:06.073,2021-12-04 01:07:07.990,202.735,0.15,202.7375,52.62,0.0,0.0,0.0,0.0
40,SOL,USDT,FTX,,,,202.19374349999998,201.87879999999998,72,2021-12-04 01:08:20.102,2021-12-04 01:08:21.967,202.425,3.8,202.605,8.32,0.0,0.0,0.0,0.0
41,SOL,USDT,Binance,,,,202.80210876464844,202.41793823242188,72,2021-12-04 01:08:20.102,2021-12-04 01:08:21.967,202.61000000,0.72000000,202.65000000,0.95000000,0.0,0.0,0.0,0.0
42,SOL,USDT,FTX,,,,201.931086,201.3791,73,2021-12-04 01:09:44.830,2021-12-04 01:09:46.848,202.2825,3.8,202.4175,10.0,0.0,0.0,0.0,0.0
43,SOL,USDT,Binance,,,,202.60195922851562,202.26805114746094,73,2021-12-04 01:09:44.830,2021-12-04 01:09:46.848,202.35000000,1.00000000,202.43000000,14.80000000,0.0,0.0,0.0,0.0
44,SOL,USDT,Kucoin,,,,201.39520263671875,200.91989135742188,74,2021-12-04 01:10:34.155,2021-12-04 01:10:36.924,201.002,4.7628,201.175,4.84,0.0,0.0,0.0,0.0
45,SOL,USDT,FTX,,,,201.92108,201.613959,74,2021-12-04 01:10:34.155,2021-12-04 01:10:36.924,201.0775,4.91,201.0975,3.48,0.0,0.0,0.0,0.0
46,SOL,USDT,Kucoin,,,,201.20602416992188,200.6911163330078,75,2021-12-04 01:11:12.620,2021-12-04 01:11:14.571,200.981,4.84,201.304,12.0641,0.0,0.0,0.0,0.0
47,SOL,USDT,Binance,,,,201.6311798095703,201.24887084960938,75,2021-12-04 01:11:12.620,2021-12-04 01:11:14.571,201.19000000,13.86000000,201.25000000,11.96000000,0.0,0.0,0.0,0.0
48,SOL,USDT,FTX,,,,200.69534499999997,200.384697,76,2021-12-04 01:11:50.131,2021-12-04 01:11:51.905,201.1325,3.8,201.2575,3.8,0.0,0.0,0.0,0.0
49,SOL,USDT,Binance,,,,201.26089477539062,200.88916015625,76,2021-12-04 01:11:50.131,2021-12-04 01:11:51.905,201.15000000,6.33000000,201.26000000,7.45000000,0.0,0.0,0.0,0.0
50,SOL,USDT,FTX,,,,201.47831449999998,201.159232,77,2021-12-04 01:12:02.936,2021-12-04 01:12:07.112,201.62,8.32,201.98,0.01,0.0,0.0,0.0,0.0
51,SOL,USDT,Binance,,,,202.08154296875,201.74847412109375,77,2021-12-04 01:12:02.936,2021-12-04 01:12:07.112,201.80000000,3.75000000,201.82000000,2.04000000,0.0,0.0,0.0,0.0
52,SOL,USDT,Binance,,,,201.32093811035156,200.96910095214844,78,2021-12-04 01:12:19.107,2021-12-04 01:12:21.125,201.13000000,10.43000000,201.21000000,1.00000000,0.0,0.0,0.0,0.0
53,SOL,USDT,FTX,,,,202.0386505,201.49902799999998,78,2021-12-04 01:12:19.107,2021-12-04 01:12:21.125,201.02,0.01,201.145,3.8,0.0,0.0,0.0,0.0
54,SOL,USDT,FTX,,,,201.2882005,200.949358,79,2021-12-04 01:12:43.928,2021-12-04 01:12:46.301,201.9175,3.8,202.04,0.05,0.0,0.0,0.0,0.0
55,SOL,USDT,Binance,,,,202.08154296875,201.70849609375,79,2021-12-04 01:12:43.928,2021-12-04 01:12:46.301,202.21000000,9.09000000,202.29000000,28.80000000,0.0,0.0,0.0,0.0
56,SOL,USDT,FTX,,,,202.2087525,201.758872,80,2021-12-04 01:13:09.348,2021-12-04 01:13:11.101,202.335,21.6,202.34,0.32,0.0,0.0,0.0,0.0
57,SOL,USDT,Binance,,,,202.59193420410156,202.22808837890625,80,2021-12-04 01:13:09.348,2021-12-04 01:13:11.101,202.38000000,0.77000000,202.42000000,1.48000000,0.0,0.0,0.0,0.0
58,SOL,USDT,Kucoin,,,,201.4011993408203,200.96484375,81,2021-12-04 01:14:22.694,2021-12-04 01:14:27.823,201.223,2.7966,201.284,4.9688,0.0,0.0,0.0,0.0
59,SOL,USDT,FTX,,,,201.88105599999997,201.4365655,81,2021-12-04 01:14:22.694,2021-12-04 01:14:27.823,201.3475,20.13,201.725,12.95,0.0,0.0,0.0,0.0
60,SOL,USDT,Kucoin,,,,201.42222595214844,200.93186950683594,82,2021-12-04 01:15:03.398,2021-12-04 01:15:05.427,201.733,5.0014,201.771,9.5629,0.0,0.0,0.0,0.0
61,SOL,USDT,Binance,,,,201.92140197753906,201.58859252929688,82,2021-12-04 01:15:03.398,2021-12-04 01:15:05.427,201.89000000,27.86000000,201.91000000,0.73000000,0.0,0.0,0.0,0.0
62,SOL,BTC,FTX,BTC,USDT,FTX,201.7232842541162,201.09124740069873,83,2021-12-04 01:15:16.426,2021-12-04 01:15:19.128,0.0038285,31.77,0.00383175,58.5,52744.0,1.7166,52766.0,1.1553
63,SOL,USDT,Binance,,,,202.15159606933594,201.79843139648438,83,2021-12-04 01:15:16.426,2021-12-04 01:15:19.128,202.05000000,11.65000000,202.06000000,1.39000000,0.0,0.0,0.0,0.0
64,SOL,USDT,FTX,,,,202.2637855,201.92377299999998,84,2021-12-04 01:15:30.786,2021-12-04 01:15:33.376,202.36,8.32,202.455,4.92,0.0,0.0,0.0,0.0
65,SOL,USDT,Binance,,,,202.69203186035156,202.29803466796875,84,2021-12-04 01:15:30.786,2021-12-04 01:15:33.376,202.38000000,2.00000000,202.41000000,0.34000000,0.0,0.0,0.0,0.0
66,SOL,BTC,FTX,BTC,USDT,FTX,202.74429736804026,202.18850775228688,85,2021-12-04 01:20:12.785,2021-12-04 01:20:15.384,0.00383625,2.1,0.0038375,4.7,52924.0,0.0677,52928.0,0.2294
67,SOL,USDT,Binance,,,,203.25247192382812,202.91754150390625,85,2021-12-04 01:20:12.785,2021-12-04 01:20:15.384,203.11000000,1.00000000,203.14000000,0.68000000,0.0,0.0,0.0,0.0
68,SOL,USDT,FTX,,,,203.52204,203.23048849999998,86,2021-12-04 01:21:03.376,2021-12-04 01:21:05.916,203.6275,10.0,203.6725,0.04,0.0,0.0,0.0,0.0
69,SOL,USDT,Binance,,,,203.8929901123047,203.5470428466797,86,2021-12-04 01:21:03.376,2021-12-04 01:21:05.916,203.76000000,11.37000000,203.77000000,0.09000000,0.0,0.0,0.0,0.0
70,SOL,USDT,FTX,,,,203.4895205,203.0505965,87,2021-12-04 01:22:05.310,2021-12-04 01:22:06.918,203.9075,9.15,204.025,0.11,0.0,0.0,0.0,0.0
71,SOL,USDT,Binance,,,,204.12318420410156,203.7468719482422,87,2021-12-04 01:22:05.310,2021-12-04 01:22:06.918,203.99000000,12.35000000,204.02000000,0.40000000,0.0,0.0,0.0,0.0
72,SOL,USDT,Binance,,,,204.00306701660156,203.66693115234375,88,2021-12-04 01:23:29.681,2021-12-04 01:23:31.692,203.74000000,2.83000000,203.75000000,9.50000000,0.0,0.0,0.0,0.0
73,SOL,USDT,FTX,,,,204.742772,204.4347655,88,2021-12-04 01:23:29.681,2021-12-04 01:23:31.692,203.7275,3.8,203.83,3.8,0.0,0.0,0.0,0.0
74,SOL,USDT,Kucoin,,,,203.69049072265625,203.25054931640625,89,2021-12-04 01:24:18.447,2021-12-04 01:24:20.651,203.279,4.84,203.402,4.84,0.0,0.0,0.0,0.0
75,SOL,USDT,FTX,,,,204.087379,203.807642,89,2021-12-04 01:24:18.447,2021-12-04 01:24:20.651,203.2425,3.8,203.35,10.0,0.0,0.0,0.0,0.0
76,SOL,USDT,Binance,,,,202.73207092285156,202.3579864501953,90,2021-12-04 01:25:10.916,2021-12-04 01:25:13.766,202.64000000,3.77000000,202.66000000,15.83000000,0.0,0.0,0.0,0.0
77,SOL,USDT,FTX,,,,203.16182399999997,202.85571349999998,90,2021-12-04 01:25:10.916,2021-12-04 01:25:13.766,202.64,3.8,202.7275,3.8,0.0,0.0,0.0,0.0
78,SOL,USDT,FTX,,,,202.91667699999996,202.51841599999997,91,2021-12-04 01:25:37.691,2021-12-04 01:25:40.494,203.07,0.55,203.385,3.8,0.0,0.0,0.0,0.0
79,SOL,USDT,Binance,,,,203.37257385253906,203.02745056152344,91,2021-12-04 01:25:37.691,2021-12-04 01:25:40.494,203.22000000,3.64000000,203.28000000,0.29000000,0.0,0.0,0.0,0.0
80,SOL,USDT,FTX,,,,203.4194785,203.03810399999998,92,2021-12-04 01:25:51.839,2021-12-04 01:25:53.916,203.5725,3.8,203.675,3.8,0.0,0.0,0.0,0.0
81,SOL,USDT,Binance,,,,203.8329315185547,203.45709228515625,92,2021-12-04 01:25:51.839,2021-12-04 01:25:53.916,203.69000000,12.36000000,203.74000000,0.32000000,0.0,0.0,0.0,0.0
82,SOL,USDT,FTX,,,,203.7947035,203.447858,93,2021-12-04 01:29:16.410,2021-12-04 01:29:18.631,203.7925,15.48,203.9725,3.8,0.0,0.0,0.0,0.0
83,SOL,USDT,Binance,,,,204.1331787109375,203.7968292236328,93,2021-12-04 01:29:16.410,2021-12-04 01:29:18.631,203.87000000,1.78000000,203.90000000,1.56000000,0.0,0.0,0.0,0.0
84,SOL,USDT,Binance,,,,202.14158630371094,201.76844787597656,94,2021-12-04 01:32:16.898,2021-12-04 01:32:21.434,201.78000000,13.81000000,201.79000000,7.97000000,0.0,0.0,0.0,0.0
85,SOL,BTC,FTX,BTC,USDT,FTX,203.03697876987923,202.480449107112,94,2021-12-04 01:32:16.898,2021-12-04 01:32:21.434,0.00382275,2.1,0.003825,0.22,52798.0,0.05,52802.0,0.2401
86,SOL,USDT,FTX,,,,202.10118799999998,201.7713645,95,2021-12-04 01:33:45.645,2021-12-04 01:33:48.580,202.29,3.8,202.345,9.15,0.0,0.0,0.0,0.0
87,SOL,USDT,Binance,,,,202.5218963623047,202.18812561035156,95,2021-12-04 01:33:45.645,2021-12-04 01:33:48.580,202.36000000,2.98000000,202.37000000,19.08000000,0.0,0.0,0.0,0.0
88,SOL,USDT,Binance,,,,202.58193969726562,202.23806762695312,96,2021-12-04 01:36:26.156,2021-12-04 01:36:29.379,202.37000000,12.19000000,202.38000000,0.42000000,0.0,0.0,0.0,0.0
89,SOL,USDT,FTX,,,,202.96920849999998,202.6608305,96,2021-12-04 01:36:26.156,2021-12-04 01:36:29.379,202.28,3.8,202.4475,0.48,0.0,0.0,0.0,0.0
90,SOL,USDT,Binance,,,,202.17160034179688,201.8284149169922,97,2021-12-04 01:36:40.390,2021-12-04 01:36:42.300,201.88000000,7.42000000,201.96000000,5.00000000,0.0,0.0,0.0,0.0
91,SOL,USDT,FTX,,,,202.6215,202.283557,97,2021-12-04 01:36:40.390,2021-12-04 01:36:42.300,201.885,9.97,201.9775,3.8,0.0,0.0,0.0,0.0
92,SOL,USDT,Binance,,,,201.70123291015625,201.3687744140625,98,2021-12-04 01:36:53.288,2021-12-04 01:36:55.569,201.50000000,9.33000000,201.58000000,9.06000000,0.0,0.0,0.0,0.0
93,SOL,USDT,FTX,,,,202.22125999999997,201.76886599999997,98,2021-12-04 01:36:53.288,2021-12-04 01:36:55.569,201.4825,0.13,201.5025,3.8,0.0,0.0,0.0,0.0
94,SOL,USDT,FTX,,,,201.97110999999998,201.608962,99,2021-12-04 01:38:10.340,2021-12-04 01:38:12.318,202.23,3.8,202.345,0.73,0.0,0.0,0.0,0.0
95,SOL,USDT,Binance,,,,202.38177490234375,202.04823303222656,99,2021-12-04 01:38:10.340,2021-12-04 01:38:12.318,202.38000000,18.86000000,202.39000000,10.46000000,0.0,0.0,0.0,0.0
96,SOL,USDT,Binance,,,,202.4418182373047,202.0981903076172,100,2021-12-04 01:38:47.561,2021-12-04 01:38:49.405,202.23000000,2.53000000,202.28000000,14.66000000,0.0,0.0,0.0,0.0
97,SOL,USDT,FTX,,,,202.766587,202.5209145,100,2021-12-04 01:38:47.561,2021-12-04 01:38:49.405,202.0675,17.62,202.2325,3.8,0.0,0.0,0.0,0.0
98,SOL,USDT,FTX,,,,202.3388305,201.993731,101,2021-12-04 01:39:35.671,2021-12-04 01:39:37.847,202.5475,20.0,202.64,9.15,0.0,0.0,0.0,0.0
99,SOL,USDT,Binance,,,,202.71205139160156,202.37796020507812,101,2021-12-04 01:39:35.671,2021-12-04 01:39:37.847,202.67000000,1.95000000,202.68000000,0.94000000,0.0,0.0,0.0,0.0
100,SOL,BTC,FTX,BTC,USDT,FTX,202.82414610035133,202.02746617624229,102,2021-12-04 01:43:04.605,2021-12-04 01:43:06.443,0.00383625,4.7,0.003842,0.18,52680.0,0.0012,52779.0,0.2417
101,SOL,USDT,Kucoin,,,,203.30010986328125,202.86793518066406,102,2021-12-04 01:43:04.605,2021-12-04 01:43:06.443,203.066,46.3391,203.067,3.4045,0.0,0.0,0.0,0.0
,base,quote,exchange,base_t,quote_t,exchange_t,BUY,SELL,id,s_time,s_time_book,bid,bid_qty,ask,ask_qty,bid_t,bid_qty_t,ask_t,ask_qty_t
0,SOL,BTC,FTX,BTC,USDT,FTX,202.82414610035133,202.02746617624229,103,2021-12-04 01:43:18.536,2021-12-04 01:43:20.474,0.00383625,4.7,0.003842,0.18,52680.0,0.0012,52783.0,0.0004
1,SOL,USDT,Binance,,,,203.34254455566406,202.96749877929688,103,2021-12-04 01:43:18.536,2021-12-04 01:43:20.474,203.21000000,15.95000000,203.22000000,1.19000000,0.0,0.0,0.0,0.0
2,SOL,USDT,FTX,,,,202.91667699999996,202.38099849999998,104,2021-12-04 01:43:32.124,2021-12-04 01:43:34.659,202.5025,17.62,202.795,99.45,0.0,0.0,0.0,0.0
3,SOL,USDT,Binance,,,,203.36256408691406,203.02745056152344,104,2021-12-04 01:43:32.124,2021-12-04 01:43:34.659,203.19000000,24.23000000,203.20000000,0.49000000,0.0,0.0,0.0,0.0
4,SOL,USDT,FTX,,,,202.91667699999996,202.38099849999998,105,2021-12-04 01:43:45.654,2021-12-04 01:43:47.236,203.065,0.07,203.225,0.12,0.0,0.0,0.0,0.0
5,SOL,USDT,Binance,,,,203.6728057861328,203.3372039794922,105,2021-12-04 01:43:45.654,2021-12-04 01:43:47.236,203.52000000,19.15000000,203.59000000,0.73000000,0.0,0.0,0.0,0.0
6,SOL,USDT,FTX,,,,202.94419349999998,202.38099849999998,106,2021-12-04 01:43:58.240,2021-12-04 01:44:00.782,203.675,0.46,203.74,1.08,0.0,0.0,0.0,0.0
7,SOL,USDT,Binance,,,,203.92300415039062,203.57701110839844,106,2021-12-04 01:43:58.240,2021-12-04 01:44:00.782,203.77000000,0.96000000,203.79000000,0.73000000,0.0,0.0,0.0,0.0
8,SOL,BTC,FTX,BTC,USDT,FTX,203.64344287234454,202.6667708196684,107,2021-12-04 01:44:12.121,2021-12-04 01:44:14.630,0.00385425,4.7,0.0038555,0.05,52862.0,0.15,52863.0,0.0509
9,SOL,USDT,Binance,,,,204.10316467285156,203.71690368652344,107,2021-12-04 01:44:12.121,2021-12-04 01:44:14.630,203.86000000,1.57000000,203.92000000,3.05000000,0.0,0.0,0.0,0.0
10,SOL,USDT,FTX,,,,204.01233399999998,203.70270499999998,108,2021-12-04 01:44:38.607,2021-12-04 01:44:40.816,204.0175,10.0,204.175,0.04,0.0,0.0,0.0,0.0
11,SOL,USDT,Binance,,,,204.3633575439453,204.02664184570312,108,2021-12-04 01:44:38.607,2021-12-04 01:44:40.816,204.24000000,9.50000000,204.25000000,7.08000000,0.0,0.0,0.0,0.0
12,SOL,USDT,Binance,,,,204.03309631347656,203.68692016601562,109,2021-12-04 01:45:17.101,2021-12-04 01:45:19.656,203.88000000,15.18000000,203.89000000,20.62000000,0.0,0.0,0.0,0.0
13,SOL,USDT,FTX,,,,204.47260999999997,204.1549335,109,2021-12-04 01:45:17.101,2021-12-04 01:45:19.656,203.7975,68.87,203.9,3.8,0.0,0.0,0.0,0.0
14,SOL,USDT,FTX,,,,204.0098325,203.70020649999998,110,2021-12-04 01:45:42.794,2021-12-04 01:45:45.529,204.0,0.92,204.165,3.8,0.0,0.0,0.0,0.0
15,SOL,USDT,Binance,,,,204.44342041015625,204.0766143798828,110,2021-12-04 01:45:42.794,2021-12-04 01:45:45.529,204.09000000,2.00000000,204.15000000,6.50000000,0.0,0.0,0.0,0.0
16,SOL,USDT,FTX,,,,204.677733,204.3847955,111,2021-12-04 01:48:09.432,2021-12-04 01:48:11.441,204.49,4.64,204.5525,0.53,0.0,0.0,0.0,0.0
17,SOL,USDT,Binance,,,,205.0539093017578,204.68612670898438,111,2021-12-04 01:48:09.432,2021-12-04 01:48:11.441,204.50000000,5.83000000,204.54000000,2.00000000,0.0,0.0,0.0,0.0
18,SOL,USDT,FTX,,,,203.51953849999998,203.17802,112,2021-12-04 01:54:51.939,2021-12-04 01:54:53.898,204.035,3.8,204.0625,0.15,0.0,0.0,0.0,0.0
19,SOL,USDT,Binance,,,,204.21324157714844,203.84678649902344,112,2021-12-04 01:54:51.939,2021-12-04 01:54:53.898,204.07000000,7.35000000,204.13000000,5.00000000,0.0,0.0,0.0,0.0
20,SOL,USDT,Binance,,,,203.7128448486328,203.35719299316406,113,2021-12-04 01:56:18.357,2021-12-04 01:56:20.203,203.65000000,8.50000000,203.71000000,2.00000000,0.0,0.0,0.0,0.0
21,SOL,USDT,FTX,,,,204.09988649999997,203.8001465,113,2021-12-04 01:56:18.357,2021-12-04 01:56:20.203,203.64,3.8,203.755,3.8,0.0,0.0,0.0,0.0
22,SOL,USDT,FTX,,,,203.8597425,203.5003265,114,2021-12-04 01:56:31.205,2021-12-04 01:56:34.437,204.0775,5.48,204.1525,3.8,0.0,0.0,0.0,0.0
23,SOL,USDT,Binance,,,,204.27328491210938,203.8767547607422,114,2021-12-04 01:56:31.205,2021-12-04 01:56:34.437,204.16000000,0.06000000,204.17000000,10.64000000,0.0,0.0,0.0,0.0
24,SOL,BTC,FTX,BTC,USDT,FTX,204.4309785653175,203.80476050203674,115,2021-12-04 02:01:26.179,2021-12-04 02:01:29.120,0.00385775,2.1,0.0038595,0.3,53048.0,0.2324,53060.0,0.2324
25,SOL,USDT,Binance,,,,204.813720703125,204.456298828125,115,2021-12-04 02:01:26.179,2021-12-04 02:01:29.120,204.81000000,29.66000000,204.82000000,25.66000000,0.0,0.0,0.0,0.0
26,SOL,USDT,Binance,,,,203.92300415039062,203.5470428466797,116,2021-12-04 02:07:59.657,2021-12-04 02:08:01.469,203.71000000,1.31000000,203.73000000,1.00000000,0.0,0.0,0.0,0.0
27,SOL,USDT,FTX,,,,204.24747499999998,203.9700445,116,2021-12-04 02:07:59.657,2021-12-04 02:08:01.469,203.67,49.5,203.735,3.8,0.0,0.0,0.0,0.0
28,SOL,USDT,Binance,,,,203.38258361816406,203.01744079589844,117,2021-12-04 02:08:49.015,2021-12-04 02:08:51.760,203.20000000,2.00000000,203.22000000,7.35000000,0.0,0.0,0.0,0.0
29,SOL,USDT,FTX,,,,203.6746315,203.4103805,117,2021-12-04 02:08:49.015,2021-12-04 02:08:51.760,203.1475,3.8,203.2025,9.68,0.0,0.0,0.0,0.0
30,SOL,BTC,FTX,BTC,USDT,FTX,203.97734819840636,203.31451332853575,118,2021-12-04 02:10:43.764,2021-12-04 02:10:45.953,0.003851,151.73,0.0038555,2.1,52937.0,0.0066,52947.0,0.205
31,SOL,USDT,Binance,,,,204.4334259033203,204.0865936279297,118,2021-12-04 02:10:43.764,2021-12-04 02:10:45.953,203.96000000,2.37000000,203.97000000,3.68000000,0.0,0.0,0.0,0.0
32,SOL,USDT,FTX,,,,204.11739699999998,203.812639,119,2021-12-04 02:11:46.350,2021-12-04 02:11:48.434,204.28,11.71,204.3575,14.27,0.0,0.0,0.0,0.0
33,SOL,USDT,Binance,,,,204.5835418701172,204.24647521972656,119,2021-12-04 02:11:46.350,2021-12-04 02:11:48.434,204.35000000,1.09000000,204.36000000,7.29000000,0.0,0.0,0.0,0.0
34,SOL,USDT,FTX,,,,203.57457149999996,203.22798999999998,120,2021-12-04 02:17:42.183,2021-12-04 02:17:44.187,203.785,0.53,203.855,10.12,0.0,0.0,0.0,0.0
35,SOL,USDT,Binance,,,,204.02308654785156,203.64694213867188,120,2021-12-04 02:17:42.183,2021-12-04 02:17:44.187,203.85000000,14.34000000,203.86000000,2.17000000,0.0,0.0,0.0,0.0
36,SOL,USDT,FTX,,,,204.032346,203.69520949999998,121,2021-12-04 02:18:08.308,2021-12-04 02:18:10.322,204.1325,3.8,204.1625,0.41,0.0,0.0,0.0,0.0
37,SOL,USDT,Binance,,,,204.4033966064453,204.03663635253906,121,2021-12-04 02:18:08.308,2021-12-04 02:18:10.322,204.17000000,0.10000000,204.18000000,1.23000000,0.0,0.0,0.0,0.0
38,SOL,USDT,Binance,,,,203.6728057861328,203.32720947265625,122,2021-12-04 02:20:24.000,2021-12-04 02:20:25.780,203.57000000,1.84000000,203.59000000,0.49000000,0,0,0,0
39,SOL,GBP,Binance,GBP,USDT,Binance,204.52124568759245,203.70008462192345,122,2021-12-04 02:20:24.000,2021-12-04 02:20:25.780,154.80000000,0.03000000,154.81000000,14.63000000,1.31800000,151197.10000000,1.31900000,101316.90000000
40,SOL,USDT,FTX,,,,203.587079,203.3154375,123,2021-12-04 02:20:36.801,2021-12-04 02:20:38.854,203.6,9.06,203.6575,3.8,0,0,0,0
41,SOL,GBP,Binance,GBP,USDT,Binance,204.52124568759245,203.70008462192345,123,2021-12-04 02:20:36.801,2021-12-04 02:20:38.854,154.80000000,0.03000000,154.81000000,11.44000000,1.31800000,151060.10000000,1.31900000,101416.90000000
42,SOL,USDT,FTX,,,,203.96980849999997,203.70520349999998,124,2021-12-04 02:21:15.186,2021-12-04 02:21:16.884,204.2075,3.8,204.28,0.01,0,0,0,0
43,SOL,USDT,Binance,,,,204.3433380126953,204.00665283203125,124,2021-12-04 02:21:15.186,2021-12-04 02:21:16.884,204.32000000,15.00000000,204.35000000,18.97000000,0,0,0,0
44,SOL,USDT,FTX,,,,202.46890849999997,202.188614,125,2021-12-04 02:25:33.694,2021-12-04 02:25:35.760,202.5875,0.02,202.6575,3.8,0,0,0,0
45,SOL,USDT,Binance,,,,202.85215759277344,202.4978790283203,125,2021-12-04 02:25:33.694,2021-12-04 02:25:35.760,202.65000000,1.00000000,202.71000000,7.28000000,0,0,0,0
46,SOL,USDT,FTX,,,,202.4238815,202.0212145,126,2021-12-04 02:26:46.833,2021-12-04 02:26:48.796,202.5725,3.8,202.665,4.92,0,0,0,0
47,SOL,USDT,Binance,,,,202.86215209960938,202.4678955078125,126,2021-12-04 02:26:46.833,2021-12-04 02:26:48.796,202.67000000,16.65000000,202.68000000,1.62000000,0,0,0,0
48,SOL,USDT,FTX,,,,202.12870449999997,201.82633149999998,127,2021-12-04 02:30:06.773,2021-12-04 02:30:08.654,202.375,5.95,202.43,3.8,0,0,0,0
49,SOL,USDT,Binance,,,,202.55191040039062,202.2180938720703,127,2021-12-04 02:30:06.773,2021-12-04 02:30:08.654,202.42000000,0.19000000,202.46000000,2.00000000,0,0,0,0
50,SOL,USDT,Binance,,,,202.48187255859375,202.1481475830078,128,2021-12-04 02:31:32.471,2021-12-04 02:31:35.465,202.38000000,2.02000000,202.39000000,1.60000000,0,0,0,0
51,SOL,USDT,FTX,,,,202.846635,202.5059235,128,2021-12-04 02:31:32.471,2021-12-04 02:31:35.465,202.315,3.8,202.3175,7.1,0,0,0,0
52,SOL,USDT,Binance,,,,202.1015625,201.73846435546875,129,2021-12-04 02:31:58.067,2021-12-04 02:32:01.040,201.86000000,1.33000000,201.87000000,1.00000000,0,0,0,0
53,SOL,USDT,FTX,,,,202.3988665,202.1311485,129,2021-12-04 02:31:58.067,2021-12-04 02:32:01.040,201.8,23.8,201.8425,3.8,0,0,0,0
54,SOL,USDT,FTX,,,,201.906071,201.5914725,130,2021-12-04 02:33:01.336,2021-12-04 02:33:03.481,201.97,3.8,202.11,9.06,0,0,0,0
55,SOL,USDT,Binance,,,,202.29171752929688,201.9582977294922,130,2021-12-04 02:33:01.336,2021-12-04 02:33:03.481,202.07000000,0.92000000,202.11000000,18.67000000,0,0,0,0
56,SOL,USDT,Binance,,,,202.90220642089844,202.54783630371094,131,2021-12-04 02:40:24.019,2021-12-04 02:40:25.952,202.69000000,5.37000000,202.72000000,11.65000000,0.0,0.0,0.0,0.0
57,SOL,BTC,FTX,BTC,USDT,FTX,203.49426977560665,202.92331119393384,131,2021-12-04 02:40:24.019,2021-12-04 02:40:25.952,0.0038315,2.1,0.003833,2.1,52897.0,0.05,52902.0,0.0066
58,SOL,USDT,FTX,,,,204.52264,204.197408,132,2021-12-04 02:49:33.868,2021-12-04 02:49:35.679,204.715,3.8,204.795,3.8,0,0,0,0
59,SOL,USDT,Kucoin,,,,205.08489990234375,204.6641387939453,132,2021-12-04 02:49:33.868,2021-12-04 02:49:35.679,204.782,4.84,204.889,4.8256,0,0,0,0
60,SOL,USDT,Binance,,,,204.75367736816406,204.4163360595703,133,2021-12-04 02:50:12.832,2021-12-04 02:50:15.419,204.48000000,0.20000000,204.49000000,73.06000000,0,0,0,0
61,SOL,USDT,FTX,,,,205.1204985,204.807042,133,2021-12-04 02:50:12.832,2021-12-04 02:50:15.419,204.3925,97.31,204.5125,3.8,0,0,0,0
62,SOL,USDT,FTX,,,,204.73026449999998,204.44475949999998,134,2021-12-04 02:54:41.793,2021-12-04 02:54:43.721,204.92,10.0,204.9225,13.77,0,0,0,0
63,SOL,USDT,Binance,,,,205.1339874267578,204.7560577392578,134,2021-12-04 02:54:41.793,2021-12-04 02:54:43.721,204.90000000,9.12000000,204.91000000,3.82000000,0,0,0,0
64,SOL,USDT,FTX,,,,205.29060049999998,205.021913,135,2021-12-04 02:57:07.381,2021-12-04 02:57:09.018,205.45,3.8,205.515,13.77,0,0,0,0
65,SOL,USDT,Binance,,,,205.7044219970703,205.36557006835938,135,2021-12-04 02:57:07.381,2021-12-04 02:57:09.018,205.51000000,19.88000000,205.52000000,0.10000000,0,0,0,0
66,SOL,USDT,Binance,,,,205.2540740966797,204.90594482421875,136,2021-12-04 02:59:10.951,2021-12-04 02:59:14.143,205.13000000,12.11000000,205.17000000,2.00000000,0,0,0,0
67,SOL,USDT,FTX,,,,205.50823099999997,205.25927049999999,136,2021-12-04 02:59:10.951,2021-12-04 02:59:14.143,205.1,3.8,205.1475,3.8,0,0,0,0
68,SOL,USDT,FTX,,,,204.20995249999999,203.912579,137,2021-12-04 03:06:43.442,2021-12-04 03:06:45.725,204.3475,3.8,204.375,6.32,0,0,0,0
69,SOL,USDT,Binance,,,,204.5535125732422,204.21649169921875,137,2021-12-04 03:06:43.442,2021-12-04 03:06:45.725,204.38000000,160.44000000,204.39000000,15.47000000,0,0,0,0
70,SOL,USDT,Binance,,,,201.3809814453125,201.029052734375,138,2021-12-04 03:20:58.332,2021-12-04 03:21:00.465,201.20000000,14.96000000,201.21000000,0.05000000,0,0,0,0
71,SOL,USDT,FTX,,,,201.8585425,201.55399500000001,138,2021-12-04 03:20:58.332,2021-12-04 03:21:00.465,201.2025,21.7,201.205,6.0,0,0,0,0
72,SOL,USDT,FTX,,,,201.44829649999997,201.12425299999998,139,2021-12-04 03:21:23.821,2021-12-04 03:21:26.052,201.33,3.8,201.3725,29.79,0,0,0,0
73,SOL,USDT,Kucoin,,,,201.9427490234375,201.4853057861328,139,2021-12-04 03:21:23.821,2021-12-04 03:21:26.052,201.285,0.2386,201.393,4.84,0,0,0,0
74,SOL,USDT,Binance,,,,201.29090881347656,200.93911743164062,140,2021-12-04 03:22:37.891,2021-12-04 03:22:40.162,201.00000000,516.47000000,201.07000000,1.55000000,0,0,0,0
75,SOL,USDT,FTX,,,,201.56336549999997,201.3066435,140,2021-12-04 03:22:37.891,2021-12-04 03:22:40.162,201.0725,0.04,201.1025,3.8,0,0,0,0
76,SOL,USDT,Binance,,,,201.0807342529297,200.70928955078125,141,2021-12-04 03:22:51.185,2021-12-04 03:22:53.036,200.81000000,13.14000000,200.83000000,17.47000000,0,0,0,0
77,SOL,USDT,FTX,,,,201.450798,201.089274,141,2021-12-04 03:22:51.185,2021-12-04 03:22:53.036,200.8475,3.8,200.89,9.97,0,0,0,0
78,SOL,USDT,FTX,,,,200.980516,200.6820185,142,2021-12-04 03:23:16.867,2021-12-04 03:23:18.899,201.01,29.82,201.2025,37.73,0,0,0,0
79,SOL,USDT,Binance,,,,201.3309326171875,200.98907470703125,142,2021-12-04 03:23:16.867,2021-12-04 03:23:18.899,201.09000000,9.28000000,201.10000000,7.52000000,0,0,0,0
80,SOL,USDT,Binance,,,,201.0106964111328,200.6793212890625,143,2021-12-04 03:25:30.779,2021-12-04 03:25:33.182,200.68000000,11.65000000,200.72000000,1.00000000,0,0,0,0
81,SOL,USDT,FTX,,,,201.480816,201.10926199999997,143,2021-12-04 03:25:30.779,2021-12-04 03:25:33.182,200.6475,17.62,200.8275,3.69,0,0,0,0
82,SOL,USDT,FTX,,,,200.7428735,200.37720149999998,144,2021-12-04 03:29:46.694,2021-12-04 03:29:48.604,200.96,14.27,200.9925,29.84,0,0,0,0
83,SOL,USDT,Binance,,,,201.14077758789062,200.7892303466797,144,2021-12-04 03:29:46.694,2021-12-04 03:29:48.604,200.93000000,2.00000000,200.97000000,13.50000000,0,0,0,0
84,SOL,USDT,FTX,,,,201.495825,201.12425299999998,145,2021-12-04 03:31:36.836,2021-12-04 03:31:38.887,201.64,0.57,201.7425,0.19,0,0,0,0
85,SOL,USDT,Binance,,,,201.88137817382812,201.5286407470703,145,2021-12-04 03:31:36.836,2021-12-04 03:31:38.887,201.75000000,8.50000000,201.80000000,2.00000000,0,0,0,0
86,SOL,USDT,Binance,,,,201.47105407714844,201.1189727783203,146,2021-12-04 03:34:07.178,2021-12-04 03:34:09.201,201.27000000,2.29000000,201.28000000,1.41000000,0,0,0,0
87,SOL,USDT,FTX,,,,201.92358149999998,201.4915325,146,2021-12-04 03:34:07.178,2021-12-04 03:34:09.201,201.225,9.97,201.285,3.8,0,0,0,0
88,SOL,USDT,FTX,,,,201.52584299999998,201.22419299999999,147,2021-12-04 03:34:44.057,2021-12-04 03:34:46.225,201.72,3.8,201.78,3.8,0,0,0,0
89,SOL,USDT,Binance,,,,201.89138793945312,201.5486297607422,147,2021-12-04 03:34:44.057,2021-12-04 03:34:46.225,201.75000000,17.67000000,201.78000000,14.10000000,0,0,0,0
90,SOL,USDT,FTX,,,,201.440792,201.17172449999998,148,2021-12-04 03:37:36.081,2021-12-04 03:37:37.929,201.585,33.84,201.6525,3.8,0,0,0,0
91,SOL,USDT,Binance,,,,201.86135864257812,201.5086669921875,148,2021-12-04 03:37:36.081,2021-12-04 03:37:37.929,201.58000000,0.10000000,201.59000000,12.48000000,0,0,0,0
92,SOL,BTC,FTX,BTC,USDT,FTX,201.18001466687363,200.52844986604825,149,2021-12-04 03:42:28.033,2021-12-04 03:42:30.760,0.0038265,29.78,0.00382975,36.59,52597.0,0.0343,52601.0,0.3859
93,SOL,USDT,Binance,,,,201.6511993408203,201.3188018798828,149,2021-12-04 03:42:28.033,2021-12-04 03:42:30.760,201.34000000,1.52000000,201.35000000,5.00000000,0.0,0.0,0.0,0.0
94,SOL,USDT,FTX,,,,201.71595699999997,201.4315685,150,2021-12-04 03:43:07.098,2021-12-04 03:43:09.609,201.8225,9.71,201.8725,7.49,0,0,0,0
95,SOL,USDT,Binance,,,,202.0615234375,201.71849060058594,150,2021-12-04 03:43:07.098,2021-12-04 03:43:09.609,201.88000000,1.00000000,201.93000000,15.14000000,0,0,0,0
96,SOL,USDT,Binance,,,,201.74127197265625,201.3387908935547,151,2021-12-04 03:44:21.920,2021-12-04 03:44:24.268,201.41000000,19.54000000,201.48000000,2.18000000,0,0,0,0
97,SOL,USDT,FTX,,,,202.07116999999997,201.76636749999997,151,2021-12-04 03:44:21.920,2021-12-04 03:44:24.268,201.415,3.8,201.53,20.32,0,0,0,0
98,SOL,USDT,Binance,,,,201.54110717773438,201.20889282226562,152,2021-12-04 03:44:35.262,2021-12-04 03:44:37.686,201.31000000,1.30000000,201.37000000,23.38000000,0,0,0,0
99,SOL,USDT,FTX,,,,201.97361149999998,201.6764215,152,2021-12-04 03:44:35.262,2021-12-04 03:44:37.686,201.315,3.8,201.3875,3.8,0,0,0,0
100,SOL,USDT,Kucoin,,,,200.8596649169922,200.38442993164062,153,2021-12-04 03:46:13.653,2021-12-04 03:46:15.629,200.629,28.9551,200.692,4.9834,0,0,0,0
101,SOL,USDT,FTX,,,,201.19064199999997,200.8794,153,2021-12-04 03:46:13.653,2021-12-04 03:46:15.629,200.685,3.8,200.745,3.8,0,0,0,0
,base,quote,exchange,base_t,quote_t,exchange_t,BUY,SELL,id,s_time,s_time_book,bid,bid_qty,ask,ask_qty,bid_t,bid_qty_t,ask_t,ask_qty_t
0,SOL,USDT,FTX,,,,200.9529995,200.67952,154,2021-12-04 03:47:40.412,2021-12-04 03:47:42.849,201.07,3.21,201.08,12.41,0,0,0,0
1,SOL,USDT,Binance,,,,201.30091857910156,200.96910095214844,154,2021-12-04 03:47:40.412,2021-12-04 03:47:42.849,201.07000000,15.09000000,201.11000000,1.90000000,0,0,0,0
2,SOL,USDT,Binance,,,,201.28089904785156,200.94911193847656,155,2021-12-04 03:52:09.529,2021-12-04 03:52:11.606,200.97000000,11.59000000,201.00000000,5.80000000,0,0,0,0
3,SOL,USDT,FTX,,,,201.6384105,201.3716045,155,2021-12-04 03:52:09.529,2021-12-04 03:52:11.606,200.93,3.8,200.99,3.8,0,0,0,0
4,SOL,USDT,Binance,,,,200.3601531982422,199.9998779296875,156,2021-12-04 03:52:58.976,2021-12-04 03:53:01.144,200.06000000,0.52000000,200.10000000,0.25000000,0,0,0,0
5,SOL,USDT,FTX,,,,200.7678885,200.46964599999998,156,2021-12-04 03:52:58.976,2021-12-04 03:53:01.144,200.1,3.97,200.1825,3.8,0,0,0,0
6,SOL,USDT,FTX,,,,200.360144,199.98493699999997,157,2021-12-04 03:53:12.122,2021-12-04 03:53:14.786,200.555,47.51,200.6975,3.8,0,0,0,0
7,SOL,USDT,Binance,,,,200.83053588867188,200.4495086669922,157,2021-12-04 03:53:12.122,2021-12-04 03:53:14.786,200.71000000,7.47000000,200.77000000,1.57000000,0,0,0,0
8,SOL,USDT,Binance,,,,200.49026489257812,200.1597442626953,158,2021-12-04 03:55:53.278,2021-12-04 03:55:55.137,200.32000000,0.88000000,200.34000000,0.51000000,0,0,0,0
9,SOL,USDT,FTX,,,,200.8079125,200.51711749999998,158,2021-12-04 03:55:53.278,2021-12-04 03:55:55.137,200.2825,1.91,200.345,0.48,0,0,0,0
10,SOL,USDT,Binance,,,,199.89979553222656,199.5402374267578,159,2021-12-04 03:56:43.848,2021-12-04 03:56:45.716,199.38000000,0.15000000,199.47000000,0.67000000,0,0,0,0
11,SOL,USDT,FTX,,,,200.25257949999997,199.989934,159,2021-12-04 03:56:43.848,2021-12-04 03:56:45.716,199.53,0.06,199.55,4.8,0,0,0,0
12,SOL,USDT,Binance,,,,198.51869201660156,198.0314483642578,160,2021-12-04 03:56:56.949,2021-12-04 03:56:59.337,198.54000000,14.17000000,198.62000000,10.00000000,0,0,0,0
13,SOL,USDT,FTX,,,,199.57717449999998,199.2778615,160,2021-12-04 03:56:56.949,2021-12-04 03:56:59.337,198.5825,13.81,198.84,3.8,0,0,0,0
14,SOL,USDT,Binance,,,,198.47866821289062,198.11138916015625,161,2021-12-04 03:57:46.599,2021-12-04 03:57:48.530,198.10000000,0.07000000,198.20000000,1.73000000,0,0,0,0
15,SOL,USDT,FTX,,,,198.93178749999998,198.54580099999998,161,2021-12-04 03:57:46.599,2021-12-04 03:57:48.530,198.045,5.7,198.145,3.8,0,0,0,0
16,SOL,USDT,Binance,,,,197.88818359375,197.56182861328125,162,2021-12-04 03:58:00.032,2021-12-04 03:58:01.728,197.93000000,4.87000000,197.94000000,0.21000000,0,0,0,0
17,SOL,USDT,FTX,,,,198.25388099999998,197.896191,162,2021-12-04 03:58:00.032,2021-12-04 03:58:01.728,197.8425,3.8,197.8775,6.2,0,0,0,0
18,SOL,USDT,Binance,,,,197.39779663085938,197.0122528076172,163,2021-12-04 03:58:48.997,2021-12-04 03:58:51.660,197.08000000,3.13000000,197.21000000,5.08000000,0,0,0,0
19,SOL,USDT,FTX,,,,197.888662,197.54640099999997,163,2021-12-04 03:58:48.997,2021-12-04 03:58:51.660,197.15,8.66,197.2575,0.52,0,0,0,0
20,SOL,USDT,Binance,,,,197.29771423339844,196.94232177734375,164,2021-12-04 03:59:26.831,2021-12-04 03:59:28.608,197.14000000,10.59000000,197.15000000,1.67000000,0,0,0,0
21,SOL,USDT,FTX,,,,197.673533,197.3790015,164,2021-12-04 03:59:26.831,2021-12-04 03:59:28.608,197.16,0.01,197.225,10.26,0,0,0,0
22,SOL,USDT,Binance,,,,197.03750610351562,196.64256286621094,165,2021-12-04 03:59:39.575,2021-12-04 03:59:42.526,196.68000000,3.31000000,196.80000000,17.78000000,0,0,0,0
23,SOL,USDT,FTX,,,,197.66853,197.18911549999999,165,2021-12-04 03:59:39.575,2021-12-04 03:59:42.526,196.775,5.78,196.81,40.75,0,0,0,0
24,SOL,USDT,Binance,,,,196.43702697753906,196.05303955078125,166,2021-12-04 03:59:53.560,2021-12-04 03:59:56.261,196.18000000,13.06000000,196.24000000,1.64000000,0,0,0,0
25,SOL,USDT,FTX,,,,196.92808599999998,196.656935,166,2021-12-04 03:59:53.560,2021-12-04 03:59:56.261,196.28,0.06,196.305,11.45,0,0,0,0
26,SOL,USDT,Kucoin,,,,196.11392211914062,195.6951141357422,167,2021-12-04 04:00:07.269,2021-12-04 04:00:10.270,196.319,4.84,196.471,4.84,0,0,0,0
27,SOL,BTC,FTX,BTC,USDT,Binance,196.95177661404804,196.2807193649,167,2021-12-04 04:00:07.269,2021-12-04 04:00:10.270,0.003768,4.7,0.0037735,2.1,52115.38000000,0.15000000,52115.39000000,0.34847000
28,SOL,USDT,FTX,,,,196.7004495,196.14224399999998,168,2021-12-04 04:00:21.871,2021-12-04 04:00:24.423,196.735,22.89,197.0875,9.97,0,0,0,0
29,SOL,USDT,Binance,,,,197.07752990722656,196.73248291015625,168,2021-12-04 04:00:21.871,2021-12-04 04:00:24.423,196.97000000,7.61000000,197.05000000,16.64000000,0,0,0,0
30,SOL,USDT,FTX,,,,197.97371299999998,197.576383,169,2021-12-04 04:01:00.049,2021-12-04 04:01:01.959,198.0325,9.97,198.315,3.8,0,0,0,0
31,SOL,USDT,Binance,,,,198.54872131347656,198.22129821777344,169,2021-12-04 04:01:00.049,2021-12-04 04:01:01.959,198.17000000,19.59000000,198.20000000,4.05000000,0,0,0,0
32,SOL,USDT,FTX,,,,198.25888399999997,197.8487195,170,2021-12-04 04:01:24.654,2021-12-04 04:01:26.579,198.5275,3.38,198.8725,3.8,0,0,0,0
33,SOL,USDT,Binance,,,,198.96905517578125,198.64096069335938,170,2021-12-04 04:01:24.654,2021-12-04 04:01:26.579,198.57000000,4.63000000,198.65000000,2.69000000,0,0,0,0
34,SOL,USDT,Kucoin,,,,198.29110717773438,197.80300903320312,171,2021-12-04 04:01:37.572,2021-12-04 04:01:39.528,198.111,4.84,198.272,1.9656,0.0,0.0,0.0,0.0
35,SOL,BTC,FTX,BTC,USDT,FTX,199.07771918095463,198.43649297543925,171,2021-12-04 04:01:37.572,2021-12-04 04:01:39.528,0.00379725,2.1,0.003806,2.1,52141.0,0.0351,52145.0,0.0167
36,SOL,USDT,Kucoin,,,,197.87167358398438,197.30450439453125,172,2021-12-04 04:02:29.696,2021-12-04 04:02:32.691,197.618,0.1693,197.694,1.8716,0,0,0,0
37,SOL,USDT,FTX,,,,198.35143949999997,197.966149,172,2021-12-04 04:02:29.696,2021-12-04 04:02:32.691,197.5775,3.8,197.71,10.0,0,0,0,0
38,SOL,USDT,Binance,,,,197.4578399658203,197.07220458984375,173,2021-12-04 04:03:25.387,2021-12-04 04:03:27.349,197.34000000,13.06000000,197.35000000,14.38000000,0,0,0,0
39,SOL,USDT,FTX,,,,197.858644,197.496431,173,2021-12-04 04:03:25.387,2021-12-04 04:03:27.349,197.295,3.8,197.5025,17.62,0,0,0,0
40,SOL,USDT,FTX,,,,197.288302,196.89679099999998,174,2021-12-04 04:04:01.956,2021-12-04 04:04:04.076,197.66,3.8,197.78,9.97,0,0,0,0
41,SOL,USDT,Binance,,,,197.81813049316406,197.46189880371094,174,2021-12-04 04:04:01.956,2021-12-04 04:04:04.076,197.93000000,13.16000000,197.94000000,7.23000000,0,0,0,0
42,SOL,USDT,FTX,,,,197.68854199999998,197.406485,175,2021-12-04 04:06:08.677,2021-12-04 04:06:11.279,198.155,6.64,198.29,9.97,0,0,0,0
43,SOL,USDT,Binance,,,,198.28851318359375,197.8915557861328,175,2021-12-04 04:06:08.677,2021-12-04 04:06:11.279,198.33000000,61.99000000,198.37000000,1.52000000,0,0,0,0
44,SOL,USDT,FTX,,,,198.5765745,198.26347049999998,176,2021-12-04 04:06:58.038,2021-12-04 04:06:59.916,198.825,30.15,198.88,0.02,0,0,0,0
45,SOL,USDT,Binance,,,,199.00909423828125,198.65093994140625,176,2021-12-04 04:06:58.038,2021-12-04 04:06:59.916,198.90000000,26.96000000,198.96000000,1.59000000,0,0,0,0
46,SOL,USDT,FTX,,,,198.549058,198.23848549999997,177,2021-12-04 04:08:13.837,2021-12-04 04:08:15.974,198.7875,6.33,198.9975,63.55,0,0,0,0
47,SOL,USDT,Binance,,,,199.12918090820312,198.80084228515625,177,2021-12-04 04:08:13.837,2021-12-04 04:08:15.974,199.06000000,1.00000000,199.08000000,0.84000000,0,0,0,0
48,SOL,USDT,FTX,,,,199.53214749999998,199.2828585,178,2021-12-04 04:09:32.803,2021-12-04 04:09:34.909,199.7125,27.57,199.725,1.12,0,0,0,0
49,SOL,USDT,Binance,,,,199.9498291015625,199.5402374267578,178,2021-12-04 04:09:32.803,2021-12-04 04:09:34.909,199.79000000,1.00000000,199.80000000,0.22000000,0,0,0,0
50,SOL,USDT,FTX,,,,199.94489499999997,199.63015,179,2021-12-04 04:10:22.570,2021-12-04 04:10:24.464,200.06,16.58,200.1,1.12,0,0,0,0
51,SOL,USDT,Binance,,,,200.33013916015625,199.9998779296875,179,2021-12-04 04:10:22.570,2021-12-04 04:10:24.464,200.20000000,3.33000000,200.21000000,15.34000000,0,0,0,0
52,SOL,USDT,FTX,,,,200.074973,199.715099,180,2021-12-04 04:13:35.507,2021-12-04 04:13:37.368,200.32,3.8,200.4175,2.0,0,0,0,0
53,SOL,USDT,Binance,,,,200.52029418945312,200.18972778320312,180,2021-12-04 04:13:35.507,2021-12-04 04:13:37.368,200.38000000,0.78000000,200.44000000,0.50000000,0,0,0,0
54,SOL,USDT,FTX,,,,200.1975465,199.914979,181,2021-12-04 04:13:48.374,2021-12-04 04:13:49.943,200.2375,18.2,200.4225,3.8,0,0,0,0
55,SOL,USDT,Binance,,,,200.61036682128906,200.27964782714844,181,2021-12-04 04:13:48.374,2021-12-04 04:13:49.943,200.33000000,5.98000000,200.34000000,20.06000000,0,0,0,0
56,SOL,USDT,FTX,,,,200.77039,200.404685,182,2021-12-04 04:14:25.213,2021-12-04 04:14:26.806,200.815,40.62,200.98,9.97,0,0,0,0
57,SOL,USDT,Binance,,,,201.16079711914062,200.82920837402344,182,2021-12-04 04:14:25.213,2021-12-04 04:14:26.806,200.89000000,23.80000000,200.98000000,8.95000000,0,0,0,0
58,SOL,USDT,FTX,,,,201.530846,201.20670349999997,183,2021-12-04 04:16:02.700,2021-12-04 04:16:04.379,201.6425,11.61,201.66,0.05,0,0,0,0
59,SOL,USDT,Binance,,,,201.89138793945312,201.55862426757812,183,2021-12-04 04:16:02.700,2021-12-04 04:16:04.379,201.72000000,1.52000000,201.74000000,0.90000000,0,0,0,0
60,SOL,USDT,Binance,,,,201.47105407714844,201.09898376464844,184,2021-12-04 04:20:19.674,2021-12-04 04:20:21.262,201.18000000,13.06000000,201.23000000,8.50000000,0,0,0,0
61,SOL,USDT,FTX,,,,202.01113399999997,201.72639149999998,184,2021-12-04 04:20:19.674,2021-12-04 04:20:21.262,201.11,3.8,201.225,9.97,0,0,0,0
62,SOL,USDT,FTX,,,,200.92048,200.5870755,185,2021-12-04 04:20:56.318,2021-12-04 04:20:58.125,201.2875,29.79,201.34,3.8,0,0,0,0
63,SOL,USDT,Binance,,,,201.51109313964844,201.1189727783203,185,2021-12-04 04:20:56.318,2021-12-04 04:20:58.125,201.21000000,49.65000000,201.25000000,1.20000000,0,0,0,0
64,SOL,USDT,FTX,,,,201.030546,200.74947799999998,186,2021-12-04 04:21:21.188,2021-12-04 04:21:24.019,201.275,3.8,201.4125,29.79,0,0,0,0
65,SOL,USDT,Binance,,,,201.46104431152344,201.05902099609375,186,2021-12-04 04:21:21.188,2021-12-04 04:21:24.019,201.49000000,2.00000000,201.51000000,1.20000000,0,0,0,0
66,SOL,USDT,FTX,,,,201.62089999999998,201.339124,187,2021-12-04 04:24:40.911,2021-12-04 04:24:42.555,201.7425,3.8,201.7725,3.79,0,0,0,0
67,SOL,USDT,Binance,,,,201.96144104003906,201.62855529785156,187,2021-12-04 04:24:40.911,2021-12-04 04:24:42.555,201.83000000,1.64000000,201.85000000,3.61000000,0,0,0,0
68,SOL,USDT,Binance,,,,201.30091857910156,200.91912841796875,188,2021-12-04 04:25:43.530,2021-12-04 04:25:45.401,201.14000000,1.88000000,201.20000000,11.31000000,0,0,0,0
69,SOL,USDT,FTX,,,,201.8735515,201.57897999999997,188,2021-12-04 04:25:43.530,2021-12-04 04:25:45.401,201.135,9.97,201.1925,3.8,0,0,0,0
70,SOL,USDT,Binance,,,,201.03070068359375,200.62936401367188,189,2021-12-04 04:26:09.276,2021-12-04 04:26:11.250,200.87000000,0.07000000,200.92000000,14.50000000,0,0,0,0
71,SOL,USDT,FTX,,,,201.295705,201.03180849999998,189,2021-12-04 04:26:09.276,2021-12-04 04:26:11.250,200.7775,6.32,200.825,3.8,0,0,0,0
72,SOL,USDT,FTX,,,,200.5127355,200.2172975,190,2021-12-04 04:26:45.890,2021-12-04 04:26:47.972,200.77,1.74,200.925,6.21,0,0,0,0
73,SOL,USDT,Binance,,,,200.9206085205078,200.57940673828125,190,2021-12-04 04:26:45.890,2021-12-04 04:26:47.972,200.81000000,8.50000000,200.85000000,13.06000000,0,0,0,0
74,SOL,USDT,Binance,,,,200.67041015625,200.339599609375,191,2021-12-04 04:27:35.429,2021-12-04 04:27:37.540,200.48000000,0.94000000,200.51000000,1.00000000,0,0,0,0
75,SOL,USDT,FTX,,,,201.05556099999998,200.744481,191,2021-12-04 04:27:35.429,2021-12-04 04:27:37.540,200.3325,9.97,200.4625,13.77,0,0,0,0
76,SOL,USDT,Binance,,,,199.9598388671875,199.59019470214844,192,2021-12-04 04:29:38.491,2021-12-04 04:29:40.338,199.72000000,2.68000000,199.73000000,14.60000000,0,0,0,0
77,SOL,USDT,FTX,,,,200.275093,199.9724445,192,2021-12-04 04:29:38.491,2021-12-04 04:29:40.338,199.7275,3.8,199.8775,3.8,0,0,0,0
78,SOL,USDT,FTX,,,,200.1975465,199.76506899999998,193,2021-12-04 04:30:27.199,2021-12-04 04:30:29.047,200.3575,0.18,200.3975,3.8,0,0,0,0
79,SOL,USDT,Binance,,,,200.58033752441406,200.2296905517578,193,2021-12-04 04:30:27.199,2021-12-04 04:30:29.047,200.39000000,0.17000000,200.42000000,18.34000000,0,0,0,0
80,SOL,USDT,FTX,,,,200.650318,200.3022465,194,2021-12-04 04:31:28.625,2021-12-04 04:31:30.347,200.95,3.8,201.0575,9.97,0,0,0,0
81,SOL,USDT,Binance,,,,201.29090881347656,200.9291229248047,194,2021-12-04 04:31:28.625,2021-12-04 04:31:30.347,201.06000000,1.89000000,201.07000000,0.50000000,0,0,0,0
82,SOL,USDT,Binance,,,,200.72044372558594,200.3795623779297,195,2021-12-04 04:32:17.687,2021-12-04 04:32:19.532,200.54000000,14.72000000,200.55000000,16.42000000,0,0,0,0
83,SOL,USDT,FTX,,,,201.045555,200.74947799999998,195,2021-12-04 04:32:17.687,2021-12-04 04:32:19.532,200.4875,3.8,200.56,14.27,0,0,0,0
84,SOL,USDT,Binance,,,,200.11997985839844,199.7900390625,196,2021-12-04 04:32:30.540,2021-12-04 04:32:32.285,199.96000000,2.35000000,200.00000000,19.17000000,0,0,0,0
85,SOL,USDT,FTX,,,,200.69284349999998,200.3722045,196,2021-12-04 04:32:30.540,2021-12-04 04:32:32.285,199.955,3.8,200.065,29.98,0,0,0,0
86,SOL,USDT,Binance,,,,199.7897186279297,199.46029663085938,197,2021-12-04 04:32:43.281,2021-12-04 04:32:48.460,199.50000000,9.01000000,199.58000000,8.50000000,0,0,0,0
87,SOL,USDT,FTX,,,,200.1625255,199.83252849999997,197,2021-12-04 04:32:43.281,2021-12-04 04:32:48.460,199.4875,10.14,199.515,3.8,0,0,0,0
88,SOL,USDT,FTX,,,,199.524643,199.240384,198,2021-12-04 04:34:49.947,2021-12-04 04:34:51.815,199.6575,3.8,199.73,8.97,0,0,0,0
89,SOL,USDT,Binance,,,,199.88978576660156,199.53024291992188,198,2021-12-04 04:34:49.947,2021-12-04 04:34:51.815,199.69000000,17.85000000,199.73000000,1.61000000,0,0,0,0
90,SOL,USDT,FTX,,,,199.584679,199.285357,199,2021-12-04 04:35:27.384,2021-12-04 04:35:29.252,199.7175,12.85,199.7725,15.44,0,0,0,0
91,SOL,USDT,Binance,,,,199.9598388671875,199.59019470214844,199,2021-12-04 04:35:27.384,2021-12-04 04:35:29.252,199.75000000,16.44000000,199.80000000,2.00000000,0,0,0,0
92,SOL,USDT,FTX,,,,199.9173785,199.55019799999997,200,2021-12-04 04:35:40.281,2021-12-04 04:35:42.675,200.0825,13.8,200.0975,10.36,0,0,0,0
93,SOL,USDT,Binance,,,,200.2901153564453,199.91993713378906,200,2021-12-04 04:35:40.281,2021-12-04 04:35:42.675,200.13000000,2.75000000,200.14000000,3.00000000,0,0,0,0
94,SOL,USDT,Binance,,,,199.7296600341797,199.4003448486328,201,2021-12-04 04:35:54.030,2021-12-04 04:35:56.935,199.50000000,11.36000000,199.57000000,1.00000000,0,0,0,0
95,SOL,USDT,FTX,,,,200.2175585,199.9624505,201,2021-12-04 04:35:54.030,2021-12-04 04:35:56.935,199.445,0.06,199.525,3.8,0,0,0,0
96,SOL,USDT,Binance,,,,199.269287109375,198.91075134277344,202,2021-12-04 04:36:32.734,2021-12-04 04:36:35.412,198.95000000,3.06000000,198.98000000,7.09000000,0,0,0,0
97,SOL,USDT,FTX,,,,199.60218949999998,199.2828585,202,2021-12-04 04:36:32.734,2021-12-04 04:36:35.412,198.9375,0.06,198.9625,10.0,0,0,0,0
98,SOL,USDT,FTX,,,,198.964307,198.700708,203,2021-12-04 04:36:46.399,2021-12-04 04:36:48.266,198.8,0.12,198.8375,10.0,0,0,0,0
99,SOL,USDT,Kucoin,,,,199.47830200195312,199.03076171875,203,2021-12-04 04:36:46.399,2021-12-04 04:36:48.266,198.806,0.1896,198.846,5.33,0,0,0,0
100,SOL,USDT,FTX,,,,198.05626249999997,197.78126,204,2021-12-04 04:41:15.617,2021-12-04 04:41:17.515,198.31,0.54,198.5075,30.22,0,0,0,0
101,SOL,USDT,Binance,,,,198.70884704589844,198.3711700439453,204,2021-12-04 04:41:15.617,2021-12-04 04:41:17.515,198.33000000,8.37000000,198.39000000,2.00000000,0,0,0,0
,base,quote,exchange,base_t,quote_t,exchange_t,BUY,SELL,id,s_time,s_time_book,bid,bid_qty,ask,ask_qty,bid_t,bid_qty_t,ask_t,ask_qty_t
0,SOL,USDT,Binance,,,,198.21844482421875,197.8915557861328,205,2021-12-04 04:41:28.516,2021-12-04 04:41:30.197,198.05000000,136.69000000,198.10000000,0.09000000,0,0,0,0
1,SOL,USDT,FTX,,,,198.604091,198.25597499999998,205,2021-12-04 04:41:28.516,2021-12-04 04:41:30.197,198.0425,3.8,198.115,1.0,0,0,0,0
2,SOL,USDT,Binance,,,,197.94822692871094,197.591796875,206,2021-12-04 04:41:41.599,2021-12-04 04:41:43.745,197.83000000,2.00000000,197.88000000,5.34000000,0,0,0,0
3,SOL,USDT,FTX,,,,198.3664485,198.03360849999999,206,2021-12-04 04:41:41.599,2021-12-04 04:41:43.745,197.7725,8.97,197.8775,0.4,0,0,0,0
4,SOL,USDT,FTX,,,,197.36084549999998,197.04170399999998,207,2021-12-04 04:45:24.669,2021-12-04 04:45:29.122,197.9325,1.3,198.0875,3.8,0,0,0,0
5,SOL,USDT,Binance,,,,198.03831481933594,197.65174865722656,207,2021-12-04 04:45:24.669,2021-12-04 04:45:29.122,197.90000000,7.74000000,197.97000000,7.57000000,0,0,0,0
6,SOL,USDT,Binance,,,,198.3385467529297,197.95150756835938,208,2021-12-04 04:47:43.200,2021-12-04 04:47:45.125,198.25000000,1.00000000,198.28000000,13.07000000,0,0,0,0
7,SOL,USDT,FTX,,,,198.9217815,198.590774,208,2021-12-04 04:47:43.200,2021-12-04 04:47:45.125,198.1875,35.29,198.255,3.8,0,0,0,0
8,SOL,USDT,FTX,,,,198.433989,198.0635905,209,2021-12-04 04:48:08.023,2021-12-04 04:48:10.724,198.64,8.97,198.7575,30.18,0,0,0,0
9,SOL,USDT,Binance,,,,198.76889038085938,198.4411163330078,209,2021-12-04 04:48:08.023,2021-12-04 04:48:10.724,198.60000000,2.00000000,198.64000000,2.15000000,0,0,0,0
10,SOL,USDT,FTX,,,,199.20194949999998,198.905585,210,2021-12-04 04:49:21.972,2021-12-04 04:49:24.591,199.345,42.83,199.3975,10.26,0,0,0,0
11,SOL,USDT,Binance,,,,199.64959716796875,199.27044677734375,210,2021-12-04 04:49:21.972,2021-12-04 04:49:24.591,199.42000000,7.30000000,199.47000000,0.90000000,0,0,0,0
12,SOL,USDT,FTX,,,,199.2819975,198.8806,211,2021-12-04 04:49:59.473,2021-12-04 04:50:02.410,199.635,30.03,199.69,7.32,0,0,0,0
13,SOL,USDT,Binance,,,,199.9197998046875,199.5402374267578,211,2021-12-04 04:49:59.473,2021-12-04 04:50:02.410,199.71000000,1.72000000,199.74000000,0.88000000,0,0,0,0
14,SOL,USDT,Binance,,,,198.50868225097656,198.1813201904297,212,2021-12-04 04:51:25.917,2021-12-04 04:51:28.464,198.52000000,0.12000000,198.59000000,3.01000000,0,0,0,0
15,SOL,USDT,FTX,,,,198.854241,198.5582935,212,2021-12-04 04:51:25.917,2021-12-04 04:51:28.464,198.42,30.21,198.4875,3.8,0,0,0,0
16,SOL,USDT,Kucoin,,,,197.78460693359375,197.3544464111328,213,2021-12-04 04:52:27.850,2021-12-04 04:52:29.801,197.616,15.8012,197.669,0.0706,0,0,0,0
17,SOL,USDT,FTX,,,,198.213857,197.876203,213,2021-12-04 04:52:27.850,2021-12-04 04:52:29.801,197.56,3.8,197.6625,20.0,0,0,0,0
18,SOL,USDT,Binance,,,,196.2668914794922,195.88316345214844,214,2021-12-04 04:53:17.940,2021-12-04 04:53:20.290,196.00000000,0.10000000,196.06000000,1.00000000,0,0,0,0
19,SOL,USDT,FTX,,,,196.637912,196.3746045,214,2021-12-04 04:53:17.940,2021-12-04 04:53:20.290,196.11,0.02,196.1325,10.0,0,0,0,0
20,SOL,USDT,Binance,,,,196.00668334960938,195.63336181640625,215,2021-12-04 04:53:31.269,2021-12-04 04:53:33.184,195.70000000,2.00000000,195.73000000,7.66000000,0,0,0,0
21,SOL,USDT,FTX,,,,196.487822,196.2097035,215,2021-12-04 04:53:31.269,2021-12-04 04:53:33.184,195.675,3.8,195.955,92.56,0,0,0,0
22,SOL,BTC,FTX,BTC,USDT,Binance,195.07345565761582,194.2690564486113,216,2021-12-04 04:53:56.219,2021-12-04 04:53:57.882,0.00380175,2.1,0.00381175,0.27,51140.01000000,0.00249000,51167.55000000,0.18787000
23,SOL,BTC,Binance,BTC,USDT,FTX,196.90087508507295,196.14243231609322,216,2021-12-04 04:53:56.219,2021-12-04 04:53:57.882,0.00381710,21.23000000,0.00382030,0.22000000,51110.0,0.0658,51184.0,0.1
24,SOL,BTC,FTX,BTC,USDT,Binance,194.92846013727538,193.72527654719607,217,2021-12-04 04:54:09.833,2021-12-04 04:54:11.757,0.00380975,0.14,0.00381975,0.27,50999.92000000,0.04066000,50999.93000000,0.03518000
25,SOL,AUD,Binance,AUD,USDT,Binance,195.8336053173207,195.1166048833402,217,2021-12-04 04:54:09.833,2021-12-04 04:54:11.757,281.69000000,0.21000000,281.72000000,5.68000000,0.69380000,88.00000000,0.69400000,46817.00000000
26,SOL,USDT,Binance,,,,194.51548767089844,194.14456176757812,218,2021-12-04 04:54:37.902,2021-12-04 04:54:40.158,194.26000000,0.06000000,194.38000000,1.81000000,0,0,0,0
27,SOL,USDT,FTX,,,,195.2095555,194.91797899999997,218,2021-12-04 04:54:37.902,2021-12-04 04:54:40.158,194.7125,0.11,194.92,42.76,0,0,0,0
28,SOL,USDT,Binance,,,,193.7548828125,193.29522705078125,219,2021-12-04 04:54:51.293,2021-12-04 04:54:53.340,193.23000000,1.20000000,193.33000000,2.78000000,0,0,0,0
29,SOL,USDT,FTX,,,,196.1150985,194.573186,219,2021-12-04 04:54:51.293,2021-12-04 04:54:53.340,194.04,2.18,194.6325,26.79,0,0,0,0
30,SOL,USDT,Binance,,,,192.353759765625,191.99627685546875,220,2021-12-04 04:55:04.400,2021-12-04 04:55:06.277,192.21000000,0.19000000,192.29000000,2.99000000,0,0,0,0
31,SOL,USDT,FTX,,,,194.74927949999997,194.3857985,220,2021-12-04 04:55:04.400,2021-12-04 04:55:06.277,192.4225,0.5,194.12,0.59,0,0,0,0
32,SOL,USDT,Binance,,,,192.1736297607422,191.85638427734375,221,2021-12-04 04:55:17.290,2021-12-04 04:55:19.121,192.00000000,161.97000000,192.02000000,41.00000000,0,0,0,0
33,SOL,AUD,Binance,AUD,USDT,Binance,193.89796243150704,193.09720189240215,221,2021-12-04 04:55:17.290,2021-12-04 04:55:19.121,279.57000000,0.00300000,279.59000000,13.51900000,0.69150000,5556.00000000,0.69190000,1196.00000000
34,SOL,USDT,Kucoin,,,,191.70652770996094,189.81100463867188,222,2021-12-04 04:55:30.193,2021-12-04 04:55:32.459,190,450.62010995,191.515,4.9688,0,0,0,0
35,SOL,AUD,Binance,AUD,USDT,Binance,193.89796243150704,192.95904961635824,222,2021-12-04 04:55:30.193,2021-12-04 04:55:32.459,275.92000000,0.13200000,277.24000000,5.31200000,0.69150000,13282.00000000,0.69210000,8305.00000000
36,SOL,USDT,Binance,,,,191.1928253173828,190.87716674804688,223,2021-12-04 04:55:43.775,2021-12-04 04:55:45.566,191.03000000,0.06000000,191.06000000,11.75000000,0,0,0,0
37,SOL,GBP,Binance,GBP,USDT,Binance,192.44627316823608,191.6728285752106,223,2021-12-04 04:55:43.775,2021-12-04 04:55:45.566,145.66000000,0.10000000,145.67000000,11.82000000,1.31800000,59755.50000000,1.31900000,231458.80000000
38,SOL,USDT,Kucoin,,,,190.87269592285156,189.80999755859375,224,2021-12-04 04:55:56.584,2021-12-04 04:55:58.607,189.742,15.07440995,190.667,10,0,0,0,0
39,SOL,ETH,Binance,ETH,USDT,Binance,192.54858081669227,191.21347266874545,224,2021-12-04 04:55:56.584,2021-12-04 04:55:58.607,0.04780000,2.33000000,0.04797000,35.64200000,4005.91000000,0.67420000,4006.01000000,3.62710000
40,SOL,BTC,FTX,BTC,USDT,FTX,190.7927353910364,188.88608004366108,225,2021-12-04 04:56:09.923,2021-12-04 04:56:11.753,0.003849,2.1,0.00385725,2.1,49842.0,0.0139,49894.0,0.7047
41,SOL,USDT,Binance,,,,192.16360473632812,191.6565399169922,225,2021-12-04 04:56:09.923,2021-12-04 04:56:11.753,191.66000000,39.27000000,191.96000000,23.19000000,0.0,0.0,0.0,0.0
42,SOL,BTC,FTX,BTC,USDT,Binance,191.56976296429158,190.59415794779764,226,2021-12-04 04:56:23.481,2021-12-04 04:56:25.289,0.003849,2.1,0.00385725,2.1,49378.51000000,0.01369000,49632.22000000,0.44525000
43,SOL,BTC,Binance,BTC,USDT,FTX,192.81053643169886,192.0701849314752,226,2021-12-04 04:56:23.481,2021-12-04 04:56:25.289,0.00385740,1.66000000,0.00386330,1.84000000,49842.0,0.0139,49894.0,0.7047
44,SOL,BTC,FTX,BTC,USDT,Binance,190.34029572531443,189.3094834964789,227,2021-12-04 04:56:37.779,2021-12-04 04:56:40.239,0.00385775,0.3,0.003868,0.82,49704.71000000,0.00590000,49735.47000000,0.03518000
45,SOL,BTC,Binance,BTC,USDT,FTX,193.63500117552857,192.4244740375218,227,2021-12-04 04:56:37.779,2021-12-04 04:56:40.239,0.00384460,63.06000000,0.00385150,0.41000000,49564.0,0.1971,49706.0,0.0661
46,SOL,BTC,Binance,BTC,USDT,FTX,192.1740836900711,190.50979401688855,228,2021-12-04 04:56:52.388,2021-12-04 04:56:55.037,0.00384960,0.65000000,0.00385780,0.56000000,50132.0,0.01,50192.0,0.149
47,SOL,ETH,Binance,ETH,USDT,Binance,193.83898507586127,192.42217976408938,228,2021-12-04 04:56:52.388,2021-12-04 04:56:55.037,0.04799000,0.47300000,0.04813000,0.12900000,4028.92000000,2.51730000,4028.93000000,1.73690000
48,SOL,USDT,Binance,,,,192.57394409179688,192.08621215820312,229,2021-12-04 04:57:06.700,2021-12-04 04:57:08.837,192.20000000,0.15000000,192.22000000,7.14000000,0,0,0,0
49,SOL,USDT,FTX,,,,193.7436765,193.508825,229,2021-12-04 04:57:06.700,2021-12-04 04:57:08.837,193.345,17.62,193.66,23.63,0,0,0,0
50,SOL,USDT,Kucoin,,,,193.90773010253906,191.26654052734375,230,2021-12-04 04:57:19.856,2021-12-04 04:57:22.236,191.579,0.1436,192.361,0.1573,0,0,0,0
51,SOL,USDT,Binance,,,,194.4654541015625,194.1145782470703,230,2021-12-04 04:57:19.856,2021-12-04 04:57:22.236,194.78000000,4.22000000,194.79000000,8.79000000,0,0,0,0
52,SOL,USDT,Kucoin,,,,192.01983642578125,189.62120056152344,231,2021-12-04 04:57:33.305,2021-12-04 04:57:36.138,190.432,0.1445,191.828,9.18604827,0,0,0,0
53,SOL,USDT,FTX,,,,195.00443249999998,194.54570249999998,231,2021-12-04 04:57:33.305,2021-12-04 04:57:36.138,193.85,1.11,194.3425,6.3,0,0,0,0
54,SOL,USDT,Kucoin,,,,191.6544647216797,190.9358673095703,232,2021-12-04 04:57:47.739,2021-12-04 04:57:49.606,191.829,1.3228,192.501,0.0207,0,0,0,0
55,SOL,USDT,FTX,,,,195.62480449999998,194.338327,232,2021-12-04 04:57:47.739,2021-12-04 04:57:49.606,193.9875,0.04,194.515,0.14,0,0,0,0
56,SOL,USDT,Kucoin,,,,193.06788635253906,192.4943084716797,233,2021-12-04 04:58:00.849,2021-12-04 04:58:03.085,192.713,4.6507,192.876,0.1375,0,0,0,0
57,SOL,USDT,FTX,,,,194.65172099999998,194.3508195,233,2021-12-04 04:58:00.849,2021-12-04 04:58:03.085,194.1625,0.45,194.5725,0.08,0,0,0,0
58,SOL,USDT,Binance,,,,193.0643310546875,192.4858856201172,234,2021-12-04 04:58:14.328,2021-12-04 04:58:17.534,192.90000000,12.56000000,192.93000000,12.63000000,0.0,0.0,0.0,0.0
59,SOL,BTC,FTX,BTC,USDT,FTX,194.94212743372657,193.57661932668339,234,2021-12-04 04:58:14.328,2021-12-04 04:58:17.534,0.003854,14.62,0.00385975,2.1,50089.0,0.0151,50090.0,0.05
60,SOL,USDT,Kucoin,,,,193.41021728515625,192.65716552734375,235,2021-12-04 04:58:29.366,2021-12-04 04:58:31.406,191.201,6.1443,193.4,0.7133,0,0,0,0
61,SOL,USDT,Binance,,,,194.0150909423828,193.55503845214844,235,2021-12-04 04:58:29.366,2021-12-04 04:58:31.406,193.64000000,0.10000000,193.66000000,3.13000000,0,0,0,0
62,SOL,USDT,Kucoin,,,,192.82363891601562,191.0117950439453,236,2021-12-04 04:58:54.768,2021-12-04 04:58:56.629,189.952,9.7343,192.646,0.0363,0,0,0,0
63,SOL,USDT,FTX,,,,193.88125899999997,193.468849,236,2021-12-04 04:58:54.768,2021-12-04 04:58:56.629,192.495,0.06,193.7225,3.8,0,0,0,0
64,SOL,USDT,Kucoin,,,,192.86569213867188,192.26553344726562,237,2021-12-04 04:59:19.831,2021-12-04 04:59:21.723,192.48,7.7689,192.748,2.3250657,0,0,0,0
65,SOL,BTC,FTX,BTC,USDT,Binance,194.3208732803238,193.2070750414828,237,2021-12-04 04:59:19.831,2021-12-04 04:59:21.723,0.00385175,0.09,0.003864,0.02,50126.42000000,0.62805000,50145.50000000,0.04442000
66,SOL,USDT,Binance,,,,192.91419982910156,192.4459228515625,238,2021-12-04 04:59:33.364,2021-12-04 04:59:35.634,192.85000000,8.55000000,193.07000000,8.33000000,0,0,0,0
67,SOL,BTC,FTX,BTC,USDT,Binance,194.50203559710488,193.16943275662402,238,2021-12-04 04:59:33.364,2021-12-04 04:59:35.634,0.00384375,0.04,0.003854,0.02,50256.70000000,0.01949000,50256.98000000,0.04332000
68,SOL,USDT,Kucoin,,,,192.70852661132812,192.07574462890625,239,2021-12-04 04:59:46.950,2021-12-04 04:59:48.609,192.144,10,192.444,3.9174,0,0,0,0
69,SOL,BTC,FTX,BTC,USDT,Binance,193.9648717547578,192.92056134880372,239,2021-12-04 04:59:46.950,2021-12-04 04:59:48.609,0.003838,0.11,0.00385125,2.82,50216.17000000,0.02406000,50247.57000000,0.40578000
70,SOL,USDT,Kucoin,,,,192.67648315429688,191.7071075439453,240,2021-12-04 05:00:12.538,2021-12-04 05:00:15.854,191.059,0.1589,192.798,61.9764,0,0,0,0
71,SOL,BTC,FTX,BTC,USDT,Binance,194.10644067251795,192.98020380649336,240,2021-12-04 05:00:12.538,2021-12-04 05:00:15.854,0.00383775,2.1,0.00384975,2.1,50294.17000000,0.12166000,50294.18000000,0.19861000
72,SOL,USDT,Kucoin,,,,192.9207305908203,191.7850341796875,241,2021-12-04 05:00:28.129,2021-12-04 05:00:30.152,191.577,0.0516,192.798,25.90740874,0,0,0,0
73,SOL,USDT,Binance,,,,193.744873046875,193.32521057128906,241,2021-12-04 05:00:28.129,2021-12-04 05:00:30.152,193.52000000,0.89000000,193.66000000,1.00000000,0,0,0,0
74,SOL,BNB,Binance,BNB,USDT,Binance,193.92531343573137,193.21574531221813,242,2021-12-04 05:01:05.176,2021-12-04 05:01:07.165,0.35300000,6.87000000,0.35350000,7.71000000,549.20000000,10.40000000,549.70000000,26.30200000
75,SOL,USDT,FTX,,,,194.641715,194.1459425,242,2021-12-04 05:01:05.176,2021-12-04 05:01:07.165,193.7325,3.8,194.29,3.8,0,0,0,0
76,SOL,USDT,Binance,,,,193.01429748535156,192.59579467773438,243,2021-12-04 05:01:42.949,2021-12-04 05:01:45.382,192.20000000,8.69000000,192.38000000,2.00000000,0.0,0.0,0.0,0.0
77,SOL,BTC,FTX,BTC,USDT,FTX,194.63891866040228,193.62122924656222,243,2021-12-04 05:01:42.949,2021-12-04 05:01:45.382,0.0038325,0.45,0.00384125,2.1,50285.0,0.0003,50341.0,0.0092
78,SOL,USDT,Binance,,,,191.2128448486328,190.727294921875,244,2021-12-04 05:01:56.989,2021-12-04 05:01:59.763,190.93000000,18.04000000,191.06000000,5.73000000,0.0,0.0,0.0,0.0
79,SOL,BTC,FTX,BTC,USDT,FTX,193.96983948742258,192.71191740361678,244,2021-12-04 05:01:56.989,2021-12-04 05:01:59.763,0.00382475,0.3,0.00383475,6.13,50096.0,0.0185,50097.0,0.0151
80,SOL,USDT,Kucoin,,,,191.5053253173828,190.93687438964844,245,2021-12-04 05:02:11.908,2021-12-04 05:02:13.726,191.072,25.7596,191.486,4.9688,0,0,0,0
81,SOL,BTC,FTX,BTC,USDT,Binance,192.56188729893398,191.59777877608494,245,2021-12-04 05:02:11.908,2021-12-04 05:02:13.726,0.0038165,2.1,0.003822,5.96,50049.58000000,0.00239000,50060.02000000,0.38488000
82,SOL,USDT,Binance,,,,191.32293701171875,190.8871612548828,246,2021-12-04 05:02:37.400,2021-12-04 05:02:39.381,191.06000000,3.91000000,191.16000000,17.30000000,0,0,0,0
83,SOL,USDT,Kucoin,,,,192.037841796875,191.33447265625,246,2021-12-04 05:02:37.400,2021-12-04 05:02:39.381,191.013,34.5735,191.069,4.9688,0,0,0,0
84,SOL,USDT,Kucoin,,,,190.80662536621094,190.4243927001953,247,2021-12-04 05:02:50.395,2021-12-04 05:02:53.190,190.027,0.9862,190.28,4.9688,0.0,0.0,0.0,0.0
85,SOL,BTC,FTX,BTC,USDT,FTX,192.55088427241114,191.6313872077587,247,2021-12-04 05:02:50.395,2021-12-04 05:02:53.190,0.003815,0.76,0.00381625,6.25,49917.0,0.6662,49921.0,0.1005
86,SOL,USDT,Binance,,,,189.3013153076172,188.8987579345703,248,2021-12-04 05:03:05.103,2021-12-04 05:03:06.877,188.87000000,0.79000000,188.97000000,12.79000000,0.0,0.0,0.0,0.0
87,SOL,BTC,FTX,BTC,USDT,FTX,191.38957420354075,190.74381525344901,248,2021-12-04 05:03:05.103,2021-12-04 05:03:06.877,0.00381425,0.14,0.0038225,8.2,49649.0,0.0927,49724.0,0.0132
88,SOL,USDT,Kucoin,,,,188.6304473876953,186.58023071289062,249,2021-12-04 05:03:18.988,2021-12-04 05:03:22.038,187.637,1.88,188.55,38.6279,0,0,0,0
89,SOL,USDT,FTX,,,,190.11399999999998,189.63365149999998,249,2021-12-04 05:03:18.988,2021-12-04 05:03:22.038,189.0575,11.45,190.0,49.21,0,0,0,0
90,SOL,BTC,FTX,BTC,USDT,Binance,186.8577856548412,185.76236176209375,250,2021-12-04 05:03:46.929,2021-12-04 05:03:49.106,0.003814,0.02,0.00382925,0.45,48716.09000000,0.00791000,48723.13000000,1.07350000
91,SOL,BTC,Binance,BTC,USDT,FTX,190.67996899018905,189.67446375528326,250,2021-12-04 05:03:46.929,2021-12-04 05:03:49.106,0.00384040,1.65000000,0.00384640,1.67000000,48877.0,0.0038,49068.0,0.0004
92,SOL,BTC,FTX,BTC,USDT,Binance,185.91440451146718,184.81819233822813,251,2021-12-04 05:04:01.080,2021-12-04 05:04:03.905,0.00382525,0.06,0.00383725,0.03,48514.90000000,0.20374000,48518.93000000,2.57050000
93,SOL,USDT,FTX,,,,189.64121649999998,189.2888585,251,2021-12-04 05:04:01.080,2021-12-04 05:04:03.905,186.505,0.44,189.0475,0.57,0,0,0,0
94,SOL,USDT,Binance,,,,185.76849365234375,185.4415283203125,252,2021-12-04 05:04:15.597,2021-12-04 05:04:17.378,185.73000000,1.21000000,186.01000000,1.00000000,0.0,0.0,0.0,0.0
95,SOL,BTC,Binance,BTC,USDT,FTX,188.30237050739362,186.55310074208015,252,2021-12-04 05:04:15.597,2021-12-04 05:04:17.378,0.00384090,26.55000000,0.00385160,4.73000000,48194.0,0.85,48417.0,0.0005
96,SOL,USDT,Kucoin,,,,182.5153350830078,179.82000732421875,253,2021-12-04 05:04:28.968,2021-12-04 05:04:30.999,180.002,30.2006,184.088,0.2555,0.0,0.0,0.0,0.0
97,SOL,BTC,Binance,BTC,USDT,FTX,189.69467435165865,187.55733949700078,253,2021-12-04 05:04:28.968,2021-12-04 05:04:30.999,0.00386250,26.59000000,0.00386990,1.07000000,48500.0,0.0012,48533.0,0.001
98,SOL,USDT,Kucoin,,,,182.03587341308594,180.89292907714844,254,2021-12-04 05:04:42.625,2021-12-04 05:04:44.752,182.409,0.6992,183.889,15.0753,0.0,0.0,0.0,0.0
99,SOL,BTC,Binance,BTC,USDT,FTX,187.33243235847004,186.5324779748916,254,2021-12-04 05:04:42.625,2021-12-04 05:04:44.752,0.00384820,0.05000000,0.00384980,0.01000000,48196.0,0.205,48381.0,0.1638
100,SOL,USDT,Kucoin,,,,182.7355499267578,177.9259033203125,255,2021-12-04 05:04:56.318,2021-12-04 05:04:58.297,177.21,0.9475,182.341,0.2026,0,0,0,0
101,SOL,BTC,Binance,BTC,USDT,Binance,188.4613565584632,187.76202644572004,255,2021-12-04 05:04:56.318,2021-12-04 05:04:58.297,0.00384280,0.26000000,0.00384580,0.62000000,48894.23000000,0.00622000,48894.38000000,0.12022000
,base,quote,exchange,base_t,quote_t,exchange_t,BUY,SELL,id,s_time,s_time_book,bid,bid_qty,ask,ask_qty,bid_t,bid_qty_t,ask_t,ask_qty_t
0,SOL,USDT,Kucoin,,,,179.76258850097656,178.73509216308594,256,2021-12-04 05:05:09.632,2021-12-04 05:05:12.234,180,3.90266982,180.001,3.3968,0.0,0.0,0.0,0.0
1,SOL,BTC,Binance,BTC,USDT,FTX,189.64016190741228,187.9754850428088,256,2021-12-04 05:05:09.632,2021-12-04 05:05:12.234,0.00386810,7.99000000,0.00387500,0.96000000,48703.0,0.1,48715.0,0.1111
2,SOL,USDT,Kucoin,,,,178.7215576171875,174.8260040283203,257,2021-12-04 05:05:24.253,2021-12-04 05:05:26.132,175.566,0.2708,177.8,0.68452868,0.0,0.0,0.0,0.0
3,SOL,BTC,FTX,BTC,USDT,FTX,188.2008799614871,187.086557915255,257,2021-12-04 05:05:24.253,2021-12-04 05:05:26.132,0.003864,0.02,0.003874,0.02,48416.0,0.8691,48613.0,0.205
4,SOL,USDT,Kucoin,,,,177.17599487304688,175.2935333251953,258,2021-12-04 05:05:38.017,2021-12-04 05:05:40.168,166.036,0.22186431,174.21,0.1755,0,0,0,0
5,SOL,BTC,Binance,BTC,USDT,Binance,188.57712604324115,187.59407000119973,258,2021-12-04 05:05:38.017,2021-12-04 05:05:40.168,0.00386000,0.05000000,0.00386990,2.45000000,48302.03000000,1.60363000,48315.93000000,0.06460000
6,SOL,USDT,Kucoin,,,,173.17300415039062,169.4783477783203,259,2021-12-04 05:05:51.545,2021-12-04 05:05:54.442,169.648,32.14574825,170,14.2645,0,0,0,0
7,SOL,USDT,FTX,,,,188.49552949999998,187.66233499999998,259,2021-12-04 05:05:51.545,2021-12-04 05:05:54.442,189.445,53.0,189.96,0.09,0,0,0,0
8,SOL,USDT,Kucoin,,,,170.17001342773438,165.52630615234375,260,2021-12-04 05:06:05.714,2021-12-04 05:06:07.956,168.628,0.1832,169.881,0.0774,0,0,0,0
9,SOL,USDT,FTX,,,,190.073976,189.33133299999997,260,2021-12-04 05:06:05.714,2021-12-04 05:06:07.956,188.7,0.18,189.3925,6.47,0,0,0,0
10,SOL,USDT,Kucoin,,,,165.3111572265625,164.8350067138672,261,2021-12-04 05:06:19.656,2021-12-04 05:06:24.085,163.837,0.1166,164,18.259,0.0,0.0,0.0,0.0
11,SOL,BTC,FTX,BTC,USDT,FTX,189.92322091198645,188.93396378141992,261,2021-12-04 05:06:19.656,2021-12-04 05:06:24.085,0.003858,2.59,0.0038635,10.0,48758.0,0.1427,48808.0,0.0673
12,SOL,USDT,Kucoin,,,,165.16500854492188,162.96487426757812,262,2021-12-04 05:06:36.018,2021-12-04 05:06:39.141,163.407,0.1835,163.885,0.2177,0,0,0,0
13,SOL,USDT,Binance,,,,189.95184326171875,189.61817932128906,262,2021-12-04 05:06:36.018,2021-12-04 05:06:39.141,189.12000000,10.80000000,189.29000000,6.26000000,0,0,0,0
14,SOL,USDT,Kucoin,,,,164.0589141845703,162.5632781982422,263,2021-12-04 05:06:50.693,2021-12-04 05:06:52.794,163.613,30.75,165.091,0.2135,0,0,0,0
15,SOL,USDT,FTX,,,,190.449201,189.86351349999998,263,2021-12-04 05:06:50.693,2021-12-04 05:06:52.794,190.27,6.46,190.5725,23.63,0,0,0,0
16,SOL,USDT,Kucoin,,,,166.9608154296875,162.4333953857422,264,2021-12-04 05:07:04.125,2021-12-04 05:07:06.072,162.597,0.7512,165.168,0.2017,0,0,0,0
17,SOL,USDT,Binance,,,,190.5423126220703,190.11778259277344,264,2021-12-04 05:07:04.125,2021-12-04 05:07:06.072,190.08000000,1.92000000,190.09000000,5.69000000,0,0,0,0
18,SOL,USDT,Kucoin,,,,167.40023803710938,163.78005981445312,265,2021-12-04 05:07:17.052,2021-12-04 05:07:19.860,165,9.0583,167.233,79.53898971,0,0,0,0
19,SOL,USDT,Binance,,,,189.93182373046875,189.5282440185547,265,2021-12-04 05:07:17.052,2021-12-04 05:07:19.860,189.25000000,0.18000000,189.38000000,5.05000000,0,0,0,0
20,SOL,USDT,Kucoin,,,,171.6715087890625,168.8310089111328,266,2021-12-04 05:07:30.853,2021-12-04 05:07:33.404,168.795,0.1691,172.499,4.68865925,0,0,0,0
21,SOL,USDT,FTX,,,,190.269093,189.52121899999997,266,2021-12-04 05:07:30.853,2021-12-04 05:07:33.404,189.6225,32.32,189.65,10.26,0,0,0,0
22,SOL,USDT,Kucoin,,,,173.17300415039062,170.6102294921875,267,2021-12-04 05:07:44.708,2021-12-04 05:07:46.854,174.999,1.5187,175,187.56271106,0,0,0,0
23,SOL,USDT,FTX,,,,190.194048,189.52371749999998,267,2021-12-04 05:07:44.708,2021-12-04 05:07:46.854,187.785,33.0,188.575,51.41,0,0,0,0
24,SOL,USDT,Kucoin,,,,171.6634979248047,170.1346893310547,268,2021-12-04 05:07:58.163,2021-12-04 05:08:02.495,171,4.8081,171.461,0.1526,0,0,0,0
25,SOL,BUSD,Binance,BUSD,USDT,Binance,190.01674251391614,189.35079015864176,268,2021-12-04 05:07:58.163,2021-12-04 05:08:02.495,187.41000000,52.96000000,187.56000000,10.68000000,0.99860000,139645.00000000,0.99870000,20844689.00000000
26,SOL,USDT,Kucoin,,,,172.02085876464844,171.46237182617188,269,2021-12-04 05:08:14.353,2021-12-04 05:08:16.245,172.607,0.1665,175,1.65318895,0.0,0.0,0.0,0.0
27,SOL,BTC,Binance,BTC,USDT,FTX,187.8580435044514,186.99539596709175,269,2021-12-04 05:08:14.353,2021-12-04 05:08:16.245,0.00383220,21.87000000,0.00383710,0.10000000,48703.0,0.1577,48775.0,0.0004
28,SOL,USDT,Kucoin,,,,175.02786254882812,173.73410034179688,270,2021-12-04 05:08:27.845,2021-12-04 05:08:30.291,171.5,1.9302,176.497,30.8461,0,0,0,0
29,SOL,USDT,Binance,,,,187.90020751953125,187.38995361328125,270,2021-12-04 05:08:27.845,2021-12-04 05:08:30.291,187.73000000,0.81000000,187.75000000,20.67000000,0,0,0,0
30,SOL,USDT,Kucoin,,,,174.9918212890625,174.55126953125,271,2021-12-04 05:08:41.279,2021-12-04 05:08:43.366,175.861,0.1309,179.971,4.1927,0,0,0,0
31,SOL,USDT,FTX,,,,188.052764,187.7247975,271,2021-12-04 05:08:41.279,2021-12-04 05:08:43.366,187.8675,3.8,187.89,10.0,0,0,0,0
32,SOL,USDT,Kucoin,,,,181.39523315429688,178.05177307128906,272,2021-12-04 05:08:54.676,2021-12-04 05:08:56.638,178.934,0.3154,181.269,0.04061105,0,0,0,0
33,SOL,USDT,Binance,,,,189.53150939941406,189.16854858398438,272,2021-12-04 05:08:54.676,2021-12-04 05:08:56.638,189.36000000,2.00000000,189.45000000,1.83000000,0,0,0,0
34,SOL,USDT,Kucoin,,,,184.5003204345703,180.3155059814453,273,2021-12-04 05:09:07.716,2021-12-04 05:09:13.434,184.153,0.0692,187.26,21.97523477,0,0,0,0
35,SOL,USDT,Binance,,,,190.47225952148438,189.95791625976562,273,2021-12-04 05:09:07.716,2021-12-04 05:09:13.434,189.20000000,15.47000000,189.40000000,7.35000000,0,0,0,0
36,SOL,USDT,Kucoin,,,,188.04885864257812,183.5382843017578,274,2021-12-04 05:09:24.409,2021-12-04 05:09:27.150,181.47,7.3104,188.732,0.03217353,0,0,0,0
37,SOL,EUR,Binance,EUR,USDT,Binance,191.944353260973,190.66309041534987,274,2021-12-04 05:09:24.409,2021-12-04 05:09:27.150,170.33000000,13.09000000,170.81000000,0.20000000,1.12000000,7046.00000000,1.12100000,163.10000000
38,SOL,USDT,Kucoin,,,,188.18699645996094,185.6851348876953,275,2021-12-04 05:09:38.980,2021-12-04 05:09:40.784,186.834,0.0697,186.968,0.1919,0,0,0,0
39,SOL,USDT,FTX,,,,191.3272275,190.90039099999998,275,2021-12-04 05:09:38.980,2021-12-04 05:09:40.784,190.67,25.46,190.8175,8.05,0,0,0,0
40,SOL,USDT,Kucoin,,,,186.4752960205078,185.105712890625,276,2021-12-04 05:09:52.075,2021-12-04 05:09:54.838,186,0.0219,186.209,0.0515,0,0,0,0
41,SOL,USDT,FTX,,,,191.1120985,190.62055900000001,276,2021-12-04 05:09:52.075,2021-12-04 05:09:54.838,190.9725,3.8,191.0875,0.05,0,0,0,0
42,SOL,USDT,Kucoin,,,,187.57640075683594,185.35546875,277,2021-12-04 05:10:06.108,2021-12-04 05:10:08.548,185.384,0.2574,187.999,15.64134908,0,0,0,0
43,SOL,USDT,Binance,,,,192.28370666503906,191.92633056640625,277,2021-12-04 05:10:06.108,2021-12-04 05:10:08.548,192.22000000,13.78000000,192.29000000,0.96000000,0,0,0,0
44,SOL,USDT,Kucoin,,,,190.2640838623047,187.11270141601562,278,2021-12-04 05:10:20.032,2021-12-04 05:10:22.222,185.63,0.1976,185.739,7.0421,0.0,0.0,0.0,0.0
45,SOL,BTC,Binance,BTC,USDT,FTX,193.31284804580116,192.73877199116217,278,2021-12-04 05:10:20.032,2021-12-04 05:10:22.222,0.00389980,15.55000000,0.00390230,0.19000000,49397.0,0.205,49434.0,0.205
46,SOL,USDT,Kucoin,,,,182.29713439941406,181.72610473632812,279,2021-12-04 05:10:34.322,2021-12-04 05:10:36.229,175.521,0.2237,177.311,16.4452,0,0,0,0
47,SOL,USDT,FTX,,,,193.30091099999999,192.889197,279,2021-12-04 05:10:34.322,2021-12-04 05:10:36.229,192.0375,17.62,192.1125,10.0,0,0,0,0
48,SOL,USDT,Kucoin,,,,178.34317016601562,176.13768005371094,280,2021-12-04 05:10:47.525,2021-12-04 05:10:49.387,177.3,2.0332,179.972,5.3288,0,0,0,0
49,SOL,USDT,Binance,,,,192.88418579101562,192.47589111328125,280,2021-12-04 05:10:47.525,2021-12-04 05:10:49.387,192.53000000,14.03000000,192.62000000,3.56000000,0,0,0,0
50,SOL,USDT,Kucoin,,,,186.62045288085938,180.7560577392578,281,2021-12-04 05:11:00.381,2021-12-04 05:11:02.054,185.541,0.223,187.409,1.71167121,0,0,0,0
51,SOL,USDT,Binance,,,,193.2744903564453,192.94552612304688,281,2021-12-04 05:11:00.381,2021-12-04 05:11:02.054,192.91000000,0.81000000,192.92000000,3.41000000,0,0,0,0
52,SOL,USDT,Kucoin,,,,185.1850128173828,184.7340850830078,282,2021-12-04 05:11:13.593,2021-12-04 05:11:15.520,183.7,0.0572,185,100.01358974,0.0,0.0,0.0,0.0
53,SOL,BTC,FTX,BTC,USDT,FTX,193.52689092715224,192.91998749461197,282,2021-12-04 05:11:13.593,2021-12-04 05:11:15.520,0.003887,3.06,0.003891,2.1,49209.0,0.1773,49212.0,0.0176
54,SOL,USDT,Kucoin,,,,183.8997344970703,183.51629638671875,283,2021-12-04 05:11:27.965,2021-12-04 05:11:29.931,182.078,0.1507,182.907,0.183,0,0,0,0
55,SOL,BNB,Binance,BNB,USDT,Binance,192.29880563431834,191.43521312793746,283,2021-12-04 05:11:27.965,2021-12-04 05:11:29.931,0.35890000,68.46000000,0.35930000,5.88000000,533.40000000,13.03800000,533.50000000,9.00000000
56,SOL,USDT,Kucoin,,,,185.1850128173828,184.81399536132812,284,2021-12-04 05:11:41.465,2021-12-04 05:11:44.149,183.088,0.1638,185,24.8877,0,0,0,0
57,SOL,USDT,FTX,,,,191.9576055,190.88789849999998,284,2021-12-04 05:11:41.465,2021-12-04 05:11:44.149,190.9675,3.8,191.0725,0.05,0,0,0,0
58,SOL,USDT,Kucoin,,,,185.1850128173828,184.3644561767578,285,2021-12-04 05:11:55.434,2021-12-04 05:11:57.598,183.003,0.1272,185,2.89615676,0,0,0,0
59,SOL,USDT,FTX,,,,191.4122785,191.145244,285,2021-12-04 05:11:55.434,2021-12-04 05:11:57.598,189.4625,32.04,189.83,3.8,0,0,0,0
60,SOL,USDT,Kucoin,,,,185.3902130126953,184.81500244140625,286,2021-12-04 05:12:08.933,2021-12-04 05:12:11.263,183.191,6.2478,184.954,0.0101,0,0,0,0
61,SOL,USDT,Binance,,,,191.60316467285156,191.03704833984375,286,2021-12-04 05:12:08.933,2021-12-04 05:12:11.263,190.62000000,0.77000000,190.68000000,6.91000000,0,0,0,0
62,SOL,USDT,Kucoin,,,,184.0288543701172,183.66015625,287,2021-12-04 05:12:22.249,2021-12-04 05:12:24.113,183.088,0.0162,185.92,0.1963,0,0,0,0
63,SOL,USDT,FTX,,,,191.27969899999997,190.590577,287,2021-12-04 05:12:22.249,2021-12-04 05:12:24.113,190.58,0.18,190.865,6.72,0,0,0,0
64,SOL,USDT,Kucoin,,,,186.18600463867188,184.98983764648438,288,2021-12-04 05:12:35.401,2021-12-04 05:12:37.064,184.549,0.1313,184.853,0.0006,0,0,0,0
65,SOL,USDT,FTX,,,,190.774396,190.2083065,288,2021-12-04 05:12:35.401,2021-12-04 05:12:37.064,189.66,1.8,189.67,3.95,0,0,0,0
66,SOL,USDT,Kucoin,,,,185.1039276123047,183.81700134277344,289,2021-12-04 05:12:48.379,2021-12-04 05:12:50.286,181.673,0.1584,182.974,0.1187,0,0,0,0
67,SOL,USDT,FTX,,,,189.79380799999998,189.5437055,289,2021-12-04 05:12:48.379,2021-12-04 05:12:50.286,189.0425,6.26,189.4725,3.8,0,0,0,0
68,SOL,USDT,Kucoin,,,,185.5593719482422,184.81500244140625,290,2021-12-04 05:13:02.139,2021-12-04 05:13:04.944,185.373,0.0533,185.374,0.00382627,0,0,0,0
69,SOL,USDT,FTX,,,,189.193448,188.3544195,290,2021-12-04 05:13:02.139,2021-12-04 05:13:04.944,187.645,12.57,187.975,6.68,0,0,0,0
70,SOL,USDT,Kucoin,,,,186.18600463867188,185.77804565429688,291,2021-12-04 05:13:16.221,2021-12-04 05:13:19.133,187.7,0.159,188.572,1.5055,0,0,0,0
71,SOL,BNB,Binance,BNB,USDT,Binance,189.10825536010088,187.93822186808939,291,2021-12-04 05:13:16.221,2021-12-04 05:13:19.133,0.35460000,6.95000000,0.35520000,1.69000000,531.00000000,34.00000000,531.10000000,27.82900000
72,SOL,USDT,Kucoin,,,,186.18600463867188,185.77804565429688,292,2021-12-04 05:13:30.421,2021-12-04 05:13:32.243,186.918,0.2473,189.793,0.1154,0,0,0,0
73,SOL,USDT,Binance,,,,190.40220642089844,189.89796447753906,292,2021-12-04 05:13:30.421,2021-12-04 05:13:32.243,190.48000000,5.00000000,190.52000000,0.99000000,0,0,0,0
74,SOL,USDT,Kucoin,,,,188.59642028808594,187.83697509765625,293,2021-12-04 05:13:43.227,2021-12-04 05:13:45.034,186.691,0.0399,188.343,0.1895,0,0,0,0
75,SOL,USDT,FTX,,,,190.574276,190.05090099999998,293,2021-12-04 05:13:43.227,2021-12-04 05:13:45.034,188.2875,3.8,188.62,80.29,0,0,0,0
76,SOL,USDT,Kucoin,,,,185.8356475830078,184.87893676757812,294,2021-12-04 05:13:56.843,2021-12-04 05:13:59.249,185.878,0.0507,188.514,1.8307,0,0,0,0
77,SOL,USDT,Binance,,,,189.3213348388672,188.9187469482422,294,2021-12-04 05:13:56.843,2021-12-04 05:13:59.249,188.84000000,71.20000000,189.09000000,3.11000000,0,0,0,0
78,SOL,USDT,Kucoin,,,,188.18800354003906,186.22059631347656,295,2021-12-04 05:14:10.267,2021-12-04 05:14:12.112,187,1.1497,189,45.1442952,0,0,0,0
79,SOL,BNB,Binance,BNB,USDT,Binance,190.83545710117323,190.04795585176907,295,2021-12-04 05:14:10.267,2021-12-04 05:14:12.112,0.35710000,13.14000000,0.35740000,0.48000000,530.50000000,164.35800000,530.60000000,26.23800000
80,SOL,USDT,Kucoin,,,,188.18800354003906,185.65615844726562,296,2021-12-04 05:14:23.437,2021-12-04 05:14:25.501,187.485,0.1205,187.665,0.2485,0,0,0,0
81,SOL,USDT,FTX,,,,190.56426999999996,189.89599399999997,296,2021-12-04 05:14:23.437,2021-12-04 05:14:25.501,189.5725,52.5,189.7625,1.25,0,0,0,0
82,SOL,USDT,Kucoin,,,,187.70152282714844,185.80601501464844,297,2021-12-04 05:14:37.213,2021-12-04 05:14:38.991,186,199.8456,186.794,0.1085,0,0,0,0
83,SOL,USDT,FTX,,,,189.87635749999998,189.4587565,297,2021-12-04 05:14:37.213,2021-12-04 05:14:38.991,188.27,0.06,188.51,3.8,0,0,0,0
84,SOL,USDT,Kucoin,,,,186.9247589111328,185.81500244140625,298,2021-12-04 05:14:50.277,2021-12-04 05:14:52.087,186.002,0.5024,187.597,8,0,0,0,0
85,SOL,USDT,FTX,,,,188.8407365,188.316942,298,2021-12-04 05:14:50.277,2021-12-04 05:14:52.087,187.7625,64.25,188.1875,3.8,0,0,0,0
86,SOL,USDT,Binance,,,,187.72006225585938,187.30003356933594,299,2021-12-04 05:15:04.008,2021-12-04 05:15:05.824,187.11000000,44.27000000,187.24000000,0.30000000,0,0,0,0
87,SOL,USDT,FTX,,,,188.9558055,188.07458749999998,299,2021-12-04 05:15:04.008,2021-12-04 05:15:05.824,186.9225,0.18,187.0,0.03,0,0,0,0
88,SOL,USDT,Kucoin,,,,186.29310607910156,184.81500244140625,300,2021-12-04 05:15:16.836,2021-12-04 05:15:18.806,186.046,0.7825,186.706,0.1621,0.0,0.0,0.0,0.0
89,SOL,BTC,Binance,BTC,USDT,FTX,188.4283691336907,187.79504605580354,300,2021-12-04 05:15:16.836,2021-12-04 05:15:18.806,0.00382500,4.96000000,0.00383610,1.71000000,48930.0,0.1374,48948.0,0.0001
90,SOL,AUD,Binance,AUD,USDT,Binance,186.77115280082216,186.14035870636872,301,2021-12-04 05:15:30.424,2021-12-04 05:15:32.205,273.13000000,6.17800000,273.14000000,0.00300000,0.68260000,19633.00000000,0.68270000,76447.00000000
91,SOL,BTC,FTX,BTC,USDT,Binance,187.8891601328699,187.15351961704454,301,2021-12-04 05:15:30.424,2021-12-04 05:15:32.205,0.00383425,0.03,0.0038535,16.0,48890.44000000,0.15800000,48903.45000000,0.01000000
92,SOL,USDT,Kucoin,,,,186.7716064453125,186.36944580078125,302,2021-12-04 05:15:43.890,2021-12-04 05:15:46.724,186.919,29.5408,187.865,3.8037,0,0,0,0
93,SOL,USDT,Binance,,,,189.3213348388672,189.0086669921875,302,2021-12-04 05:15:43.890,2021-12-04 05:15:46.724,188.76000000,0.10000000,188.98000000,72.37000000,0,0,0,0
94,SOL,USDT,Kucoin,,,,188.06187438964844,186.5133056640625,303,2021-12-04 05:15:57.707,2021-12-04 05:15:59.721,185.35,7.9843,186.736,0.0156,0,0,0,0
95,SOL,USDT,Binance,,,,189.67161560058594,189.29843139648438,303,2021-12-04 05:15:57.707,2021-12-04 05:15:59.721,189.60000000,7.48000000,189.78000000,1.51000000,0,0,0,0
96,SOL,USDT,Kucoin,,,,186.94676208496094,185.81500244140625,304,2021-12-04 05:16:10.692,2021-12-04 05:16:12.543,186,59.3117,186.31,0.0379,0,0,0,0
97,SOL,USDT,Binance,,,,189.96185302734375,189.5182647705078,304,2021-12-04 05:16:10.692,2021-12-04 05:16:12.543,189.18000000,12.11000000,189.44000000,7.00000000,0,0,0,0
98,SOL,USDT,Kucoin,,,,187.11093139648438,185.81399536132812,305,2021-12-04 05:16:23.560,2021-12-04 05:16:25.350,186.001,29.8859,186.298,0.0432,0.0,0.0,0.0,0.0
99,SOL,BTC,Binance,BTC,USDT,FTX,189.8924762720139,189.22063923051897,305,2021-12-04 05:16:23.560,2021-12-04 05:16:25.350,0.00386280,4.85000000,0.00386640,24.16000000,48803.0,0.1166,48853.0,0.0313
100,SOL,USDT,Kucoin,,,,186.18701171875,185.81399536132812,306,2021-12-04 05:16:36.991,2021-12-04 05:16:39.458,185,7.1584,186.001,6.47270538,0,0,0,0
101,SOL,USDT,Binance,,,,189.25128173828125,188.86878967285156,306,2021-12-04 05:16:36.991,2021-12-04 05:16:39.458,189.45000000,20.67000000,189.46000000,0.41000000,0,0,0,0
,base,quote,exchange,base_t,quote_t,exchange_t,BUY,SELL,id,s_time,s_time_book,bid,bid_qty,ask,ask_qty,bid_t,bid_qty_t,ask_t,ask_qty_t
0,SOL,USDT,Kucoin,,,,185.75457763671875,180.7560577392578,307,2021-12-04 05:16:50.423,2021-12-04 05:16:52.620,180.768,0.0157,183.318,0.179,0.0,0.0,0.0,0.0
1,SOL,BTC,Binance,BTC,USDT,FTX,190.21308331107318,189.3595498191476,307,2021-12-04 05:16:50.423,2021-12-04 05:16:52.620,0.00387100,4.07000000,0.00387450,24.38000000,48825.0,0.0004,48831.0,0.0958
2,SOL,USDT,Kucoin,,,,186.4022216796875,186.02877807617188,308,2021-12-04 05:17:04.511,2021-12-04 05:17:06.492,181.37,0.0525,181.371,0.0241,0.0,0.0,0.0,0.0
3,SOL,USDT,Binance,,,,190.2921142578125,189.9279327392578,308,2021-12-04 05:17:04.511,2021-12-04 05:17:06.492,190.38000000,2.39000000,190.46000000,5.00000000,0.0,0.0,0.0,0.0
4,SOL,USDT,Kucoin,,,,182.35118103027344,181.98583984375,309,2021-12-04 05:17:17.468,2021-12-04 05:17:19.164,180.506,0.1266,180.946,0.0221,0.0,0.0,0.0,0.0
5,SOL,USDT,FTX,,,,190.3316305,190.0633935,309,2021-12-04 05:17:17.468,2021-12-04 05:17:19.164,189.595,3.8,189.9825,3.8,0.0,0.0,0.0,0.0
6,SOL,USDT,Kucoin,,,,181.7485809326172,180.81900024414062,310,2021-12-04 05:17:30.957,2021-12-04 05:17:33.707,181,97.3326,181.238,0.0843,0.0,0.0,0.0,0.0
7,SOL,USDT,Binance,,,,189.96185302734375,189.5882110595703,310,2021-12-04 05:17:30.957,2021-12-04 05:17:33.707,189.64000000,5.00000000,189.65000000,9.38000000,0.0,0.0,0.0,0.0
8,SOL,USDT,Kucoin,,,,181.18301391601562,180.81900024414062,311,2021-12-04 05:17:44.738,2021-12-04 05:17:46.852,181,471.9554,181.238,16.95864108,0.0,0.0,0.0,0.0
9,SOL,BTC,Binance,BTC,USDT,FTX,190.00449965072312,189.27220959744523,311,2021-12-04 05:17:44.738,2021-12-04 05:17:46.852,0.00388120,23.18000000,0.00388650,14.83000000,48915.0,0.039,48916.0,0.13
